<?xml version='1.0' encoding='utf-8' standalone='yes' ?>
<gnc-v2 xmlns:gnc="http://www.gnucash.org/XML/gnc" xmlns:act="http://www.gnucash.org/XML/act" xmlns:book="http://www.gnucash.org/XML/book" xmlns:cd="http://www.gnucash.org/XML/cd" xmlns:cmdty="http://www.gnucash.org/XML/cmdty" xmlns:price="http://www.gnucash.org/XML/price" xmlns:slot="http://www.gnucash.org/XML/slot" xmlns:split="http://www.gnucash.org/XML/split" xmlns:trn="http://www.gnucash.org/XML/trn" xmlns:ts="http://www.gnucash.org/XML/ts" xmlns:sx="http://www.gnucash.org/XML/sx" xmlns:bgt="http://www.gnucash.org/XML/bgt" xmlns:recurrence="http://www.gnucash.org/XML/recurrence">
  <gnc:count-data cd:type="book">1</gnc:count-data>
  <gnc:book version="2.0.0">
    <book:id type="guid">e8906e5d624a4091942dfda71b1483ce</book:id>
    <gnc:count-data cd:type="commodity">1</gnc:count-data>
    <gnc:count-data cd:type="account">176</gnc:count-data>
    <gnc:count-data cd:type="transaction">121</gnc:count-data>
    <gnc:commodity version="2.0.0">
      <cmdty:space>ISO4217</cmdty:space>
      <cmdty:id>INR</cmdty:id>
    </gnc:commodity>
    <gnc:account version="2.0.0">
      <act:name>Root Account</act:name>
      <act:id type="guid">e33dd4329dae18333a116bc9e6183549</act:id>
      <act:type>ROOT</act:type>
      <act:commodity>
        <cmdty:space>ISO4217</cmdty:space>
        <cmdty:id>INR</cmdty:id>
      </act:commodity>
      <act:commodity-scu>100</act:commodity-scu>
      <act:slots>
        <slot>
          <slot:key>placeholder</slot:key>
          <slot:value type="string">false</slot:value>
        </slot>
        <slot>
          <slot:key>favorite</slot:key>
          <slot:value type="string">false</slot:value>
        </slot>
      </act:slots>
    </gnc:account>
    <gnc:account version="2.0.0">
      <act:name>Assets</act:name>
      <act:id type="guid">27fffef03c47c2c77138c9468fdb2a20</act:id>
      <act:type>ASSET</act:type>
      <act:commodity>
        <cmdty:space>ISO4217</cmdty:space>
        <cmdty:id>INR</cmdty:id>
      </act:commodity>
      <act:commodity-scu>100</act:commodity-scu>
      <act:slots>
        <slot>
          <slot:key>placeholder</slot:key>
          <slot:value type="string">true</slot:value>
        </slot>
        <slot>
          <slot:key>favorite</slot:key>
          <slot:value type="string">false</slot:value>
        </slot>
      </act:slots>
      <act:parent type="guid">e33dd4329dae18333a116bc9e6183549</act:parent>
    </gnc:account>
    <gnc:account version="2.0.0">
      <act:name>Cash in Wallet</act:name>
      <act:id type="guid">553b5d2e14b58aefb11f703f9ab90513</act:id>
      <act:type>ASSET</act:type>
      <act:commodity>
        <cmdty:space>ISO4217</cmdty:space>
        <cmdty:id>INR</cmdty:id>
      </act:commodity>
      <act:commodity-scu>100</act:commodity-scu>
      <act:slots>
        <slot>
          <slot:key>placeholder</slot:key>
          <slot:value type="string">false</slot:value>
        </slot>
        <slot>
          <slot:key>favorite</slot:key>
          <slot:value type="string">true</slot:value>
        </slot>
      </act:slots>
      <act:parent type="guid">27fffef03c47c2c77138c9468fdb2a20</act:parent>
    </gnc:account>
    <gnc:account version="2.0.0">
      <act:name>Demonition Collection</act:name>
      <act:id type="guid">487432673029b3997a0a515ef6b577ee</act:id>
      <act:type>CASH</act:type>
      <act:commodity>
        <cmdty:space>ISO4217</cmdty:space>
        <cmdty:id>INR</cmdty:id>
      </act:commodity>
      <act:commodity-scu>100</act:commodity-scu>
      <act:slots>
        <slot>
          <slot:key>placeholder</slot:key>
          <slot:value type="string">false</slot:value>
        </slot>
        <slot>
          <slot:key>favorite</slot:key>
          <slot:value type="string">false</slot:value>
        </slot>
      </act:slots>
      <act:parent type="guid">27fffef03c47c2c77138c9468fdb2a20</act:parent>
    </gnc:account>
    <gnc:account version="2.0.0">
      <act:name>Savings Accounts, Punjab National Bank, Tirur</act:name>
      <act:id type="guid">9e0f17a6e30bce6e697048ae58a35073</act:id>
      <act:type>BANK</act:type>
      <act:commodity>
        <cmdty:space>ISO4217</cmdty:space>
        <cmdty:id>INR</cmdty:id>
      </act:commodity>
      <act:commodity-scu>100</act:commodity-scu>
      <act:slots>
        <slot>
          <slot:key>placeholder</slot:key>
          <slot:value type="string">false</slot:value>
        </slot>
        <slot>
          <slot:key>favorite</slot:key>
          <slot:value type="string">true</slot:value>
        </slot>
      </act:slots>
      <act:parent type="guid">27fffef03c47c2c77138c9468fdb2a20</act:parent>
    </gnc:account>
    <gnc:account version="2.0.0">
      <act:name>Equity</act:name>
      <act:id type="guid">91515c46b1ff9b4f02c3c2e22ffce710</act:id>
      <act:type>EQUITY</act:type>
      <act:commodity>
        <cmdty:space>ISO4217</cmdty:space>
        <cmdty:id>INR</cmdty:id>
      </act:commodity>
      <act:commodity-scu>100</act:commodity-scu>
      <act:slots>
        <slot>
          <slot:key>placeholder</slot:key>
          <slot:value type="string">true</slot:value>
        </slot>
        <slot>
          <slot:key>favorite</slot:key>
          <slot:value type="string">false</slot:value>
        </slot>
      </act:slots>
      <act:parent type="guid">e33dd4329dae18333a116bc9e6183549</act:parent>
    </gnc:account>
    <gnc:account version="2.0.0">
      <act:name>Opening Balances</act:name>
      <act:id type="guid">51b375c3a47181fdfbf2c76454294bfd</act:id>
      <act:type>EQUITY</act:type>
      <act:commodity>
        <cmdty:space>ISO4217</cmdty:space>
        <cmdty:id>INR</cmdty:id>
      </act:commodity>
      <act:commodity-scu>100</act:commodity-scu>
      <act:slots>
        <slot>
          <slot:key>placeholder</slot:key>
          <slot:value type="string">false</slot:value>
        </slot>
        <slot>
          <slot:key>favorite</slot:key>
          <slot:value type="string">false</slot:value>
        </slot>
      </act:slots>
      <act:parent type="guid">91515c46b1ff9b4f02c3c2e22ffce710</act:parent>
    </gnc:account>
    <gnc:account version="2.0.0">
      <act:name>Expenses</act:name>
      <act:id type="guid">a7a3ab3a0d05455d58d3383ccb72a3e3</act:id>
      <act:type>EXPENSE</act:type>
      <act:commodity>
        <cmdty:space>ISO4217</cmdty:space>
        <cmdty:id>INR</cmdty:id>
      </act:commodity>
      <act:commodity-scu>100</act:commodity-scu>
      <act:slots>
        <slot>
          <slot:key>placeholder</slot:key>
          <slot:value type="string">true</slot:value>
        </slot>
        <slot>
          <slot:key>favorite</slot:key>
          <slot:value type="string">false</slot:value>
        </slot>
      </act:slots>
      <act:parent type="guid">e33dd4329dae18333a116bc9e6183549</act:parent>
    </gnc:account>
    <gnc:account version="2.0.0">
      <act:name>Accessories, Cell Phone Accessories</act:name>
      <act:id type="guid">ecab5b7199676fdfc6577b8e9bf252a4</act:id>
      <act:type>EXPENSE</act:type>
      <act:commodity>
        <cmdty:space>ISO4217</cmdty:space>
        <cmdty:id>INR</cmdty:id>
      </act:commodity>
      <act:commodity-scu>100</act:commodity-scu>
      <act:slots>
        <slot>
          <slot:key>placeholder</slot:key>
          <slot:value type="string">false</slot:value>
        </slot>
        <slot>
          <slot:key>favorite</slot:key>
          <slot:value type="string">false</slot:value>
        </slot>
      </act:slots>
      <act:parent type="guid">a7a3ab3a0d05455d58d3383ccb72a3e3</act:parent>
    </gnc:account>
    <gnc:account version="2.0.0">
      <act:name>Account Shortages</act:name>
      <act:id type="guid">01c9861db926395fd629632ef63a024d</act:id>
      <act:type>EXPENSE</act:type>
      <act:commodity>
        <cmdty:space>ISO4217</cmdty:space>
        <cmdty:id>INR</cmdty:id>
      </act:commodity>
      <act:commodity-scu>100</act:commodity-scu>
      <act:slots>
        <slot>
          <slot:key>placeholder</slot:key>
          <slot:value type="string">false</slot:value>
        </slot>
        <slot>
          <slot:key>favorite</slot:key>
          <slot:value type="string">false</slot:value>
        </slot>
      </act:slots>
      <act:parent type="guid">a7a3ab3a0d05455d58d3383ccb72a3e3</act:parent>
    </gnc:account>
    <gnc:account version="2.0.0">
      <act:name>Banking Services, Savings Account, Punjab National Bank, Tirur</act:name>
      <act:id type="guid">560bb21fa08a7c2394d5b4752d4bb21a</act:id>
      <act:type>EXPENSE</act:type>
      <act:commodity>
        <cmdty:space>ISO4217</cmdty:space>
        <cmdty:id>INR</cmdty:id>
      </act:commodity>
      <act:commodity-scu>100</act:commodity-scu>
      <act:slots>
        <slot>
          <slot:key>placeholder</slot:key>
          <slot:value type="string">true</slot:value>
        </slot>
        <slot>
          <slot:key>favorite</slot:key>
          <slot:value type="string">false</slot:value>
        </slot>
      </act:slots>
      <act:parent type="guid">a7a3ab3a0d05455d58d3383ccb72a3e3</act:parent>
    </gnc:account>
    <gnc:account version="2.0.0">
      <act:name>Net Banking, IMPS</act:name>
      <act:id type="guid">4509ba102c9d5f1033a6dedac405fedf</act:id>
      <act:type>EXPENSE</act:type>
      <act:commodity>
        <cmdty:space>ISO4217</cmdty:space>
        <cmdty:id>INR</cmdty:id>
      </act:commodity>
      <act:commodity-scu>100</act:commodity-scu>
      <act:slots>
        <slot>
          <slot:key>placeholder</slot:key>
          <slot:value type="string">false</slot:value>
        </slot>
        <slot>
          <slot:key>favorite</slot:key>
          <slot:value type="string">false</slot:value>
        </slot>
      </act:slots>
      <act:parent type="guid">560bb21fa08a7c2394d5b4752d4bb21a</act:parent>
    </gnc:account>
    <gnc:account version="2.0.0">
      <act:name>SMS Alerts</act:name>
      <act:id type="guid">33203de3b8a0e7e93835a1886bef0a04</act:id>
      <act:type>EXPENSE</act:type>
      <act:commodity>
        <cmdty:space>ISO4217</cmdty:space>
        <cmdty:id>INR</cmdty:id>
      </act:commodity>
      <act:commodity-scu>100</act:commodity-scu>
      <act:slots>
        <slot>
          <slot:key>placeholder</slot:key>
          <slot:value type="string">false</slot:value>
        </slot>
        <slot>
          <slot:key>favorite</slot:key>
          <slot:value type="string">false</slot:value>
        </slot>
      </act:slots>
      <act:parent type="guid">560bb21fa08a7c2394d5b4752d4bb21a</act:parent>
    </gnc:account>
    <gnc:account version="2.0.0">
      <act:name>Books</act:name>
      <act:id type="guid">815813276b182e0cafdedd2a338d64b5</act:id>
      <act:type>EXPENSE</act:type>
      <act:commodity>
        <cmdty:space>ISO4217</cmdty:space>
        <cmdty:id>INR</cmdty:id>
      </act:commodity>
      <act:commodity-scu>100</act:commodity-scu>
      <act:slots>
        <slot>
          <slot:key>placeholder</slot:key>
          <slot:value type="string">false</slot:value>
        </slot>
        <slot>
          <slot:key>favorite</slot:key>
          <slot:value type="string">false</slot:value>
        </slot>
      </act:slots>
      <act:parent type="guid">a7a3ab3a0d05455d58d3383ccb72a3e3</act:parent>
    </gnc:account>
    <gnc:account version="2.0.0">
      <act:name>Charity</act:name>
      <act:id type="guid">70f6d9a529eba40e2883dc15747f1618</act:id>
      <act:type>EXPENSE</act:type>
      <act:commodity>
        <cmdty:space>ISO4217</cmdty:space>
        <cmdty:id>INR</cmdty:id>
      </act:commodity>
      <act:commodity-scu>100</act:commodity-scu>
      <act:slots>
        <slot>
          <slot:key>placeholder</slot:key>
          <slot:value type="string">false</slot:value>
        </slot>
        <slot>
          <slot:key>favorite</slot:key>
          <slot:value type="string">false</slot:value>
        </slot>
      </act:slots>
      <act:parent type="guid">a7a3ab3a0d05455d58d3383ccb72a3e3</act:parent>
    </gnc:account>
    <gnc:account version="2.0.0">
      <act:name>Childcare</act:name>
      <act:id type="guid">2e92dda8db2fd312b25ae8e5e1a35912</act:id>
      <act:type>EXPENSE</act:type>
      <act:commodity>
        <cmdty:space>ISO4217</cmdty:space>
        <cmdty:id>INR</cmdty:id>
      </act:commodity>
      <act:commodity-scu>100</act:commodity-scu>
      <act:slots>
        <slot>
          <slot:key>placeholder</slot:key>
          <slot:value type="string">false</slot:value>
        </slot>
        <slot>
          <slot:key>favorite</slot:key>
          <slot:value type="string">false</slot:value>
        </slot>
      </act:slots>
      <act:parent type="guid">a7a3ab3a0d05455d58d3383ccb72a3e3</act:parent>
    </gnc:account>
    <gnc:account version="2.0.0">
      <act:name>Clothes</act:name>
      <act:id type="guid">011238435bfe50245cc9904b55e110d4</act:id>
      <act:type>EXPENSE</act:type>
      <act:commodity>
        <cmdty:space>ISO4217</cmdty:space>
        <cmdty:id>INR</cmdty:id>
      </act:commodity>
      <act:commodity-scu>100</act:commodity-scu>
      <act:slots>
        <slot>
          <slot:key>placeholder</slot:key>
          <slot:value type="string">false</slot:value>
        </slot>
        <slot>
          <slot:key>favorite</slot:key>
          <slot:value type="string">false</slot:value>
        </slot>
      </act:slots>
      <act:parent type="guid">a7a3ab3a0d05455d58d3383ccb72a3e3</act:parent>
    </gnc:account>
    <gnc:account version="2.0.0">
      <act:name>Commissions</act:name>
      <act:id type="guid">3428bb931b09f3eda39b1d5bf78f3806</act:id>
      <act:type>EXPENSE</act:type>
      <act:commodity>
        <cmdty:space>ISO4217</cmdty:space>
        <cmdty:id>INR</cmdty:id>
      </act:commodity>
      <act:commodity-scu>100</act:commodity-scu>
      <act:slots>
        <slot>
          <slot:key>placeholder</slot:key>
          <slot:value type="string">false</slot:value>
        </slot>
        <slot>
          <slot:key>favorite</slot:key>
          <slot:value type="string">false</slot:value>
        </slot>
      </act:slots>
      <act:parent type="guid">a7a3ab3a0d05455d58d3383ccb72a3e3</act:parent>
    </gnc:account>
    <gnc:account version="2.0.0">
      <act:name>Delivery</act:name>
      <act:id type="guid">f5c3574a6869e71b48b21ad79c7f4243</act:id>
      <act:type>EXPENSE</act:type>
      <act:commodity>
        <cmdty:space>ISO4217</cmdty:space>
        <cmdty:id>INR</cmdty:id>
      </act:commodity>
      <act:commodity-scu>100</act:commodity-scu>
      <act:slots>
        <slot>
          <slot:key>placeholder</slot:key>
          <slot:value type="string">false</slot:value>
        </slot>
        <slot>
          <slot:key>favorite</slot:key>
          <slot:value type="string">false</slot:value>
        </slot>
      </act:slots>
      <act:parent type="guid">a7a3ab3a0d05455d58d3383ccb72a3e3</act:parent>
    </gnc:account>
    <gnc:account version="2.0.0">
      <act:name>Discounts</act:name>
      <act:id type="guid">d9859052a3f4bf830dd63cf8c7e25cc0</act:id>
      <act:type>EXPENSE</act:type>
      <act:commodity>
        <cmdty:space>ISO4217</cmdty:space>
        <cmdty:id>INR</cmdty:id>
      </act:commodity>
      <act:commodity-scu>100</act:commodity-scu>
      <act:slots>
        <slot>
          <slot:key>placeholder</slot:key>
          <slot:value type="string">false</slot:value>
        </slot>
        <slot>
          <slot:key>favorite</slot:key>
          <slot:value type="string">false</slot:value>
        </slot>
      </act:slots>
      <act:parent type="guid">a7a3ab3a0d05455d58d3383ccb72a3e3</act:parent>
    </gnc:account>
    <gnc:account version="2.0.0">
      <act:name>Dues</act:name>
      <act:id type="guid">526595f3747eb5c2b7012e23c83b2cd2</act:id>
      <act:type>EXPENSE</act:type>
      <act:commodity>
        <cmdty:space>ISO4217</cmdty:space>
        <cmdty:id>INR</cmdty:id>
      </act:commodity>
      <act:commodity-scu>100</act:commodity-scu>
      <act:slots>
        <slot>
          <slot:key>placeholder</slot:key>
          <slot:value type="string">false</slot:value>
        </slot>
        <slot>
          <slot:key>favorite</slot:key>
          <slot:value type="string">false</slot:value>
        </slot>
      </act:slots>
      <act:parent type="guid">a7a3ab3a0d05455d58d3383ccb72a3e3</act:parent>
    </gnc:account>
    <gnc:account version="2.0.0">
      <act:name>Education, B-Tech - CCET Valanchery</act:name>
      <act:id type="guid">6ee507f2a6f3a3d9ac12d2246f45760b</act:id>
      <act:type>EXPENSE</act:type>
      <act:commodity>
        <cmdty:space>ISO4217</cmdty:space>
        <cmdty:id>INR</cmdty:id>
      </act:commodity>
      <act:commodity-scu>100</act:commodity-scu>
      <act:slots>
        <slot>
          <slot:key>placeholder</slot:key>
          <slot:value type="string">true</slot:value>
        </slot>
        <slot>
          <slot:key>favorite</slot:key>
          <slot:value type="string">false</slot:value>
        </slot>
      </act:slots>
      <act:parent type="guid">a7a3ab3a0d05455d58d3383ccb72a3e3</act:parent>
    </gnc:account>
    <gnc:account version="2.0.0">
      <act:name>Accessories</act:name>
      <act:id type="guid">f9a1d1cef34f3bc4b026406f061bcc3c</act:id>
      <act:type>EXPENSE</act:type>
      <act:commodity>
        <cmdty:space>ISO4217</cmdty:space>
        <cmdty:id>INR</cmdty:id>
      </act:commodity>
      <act:commodity-scu>100</act:commodity-scu>
      <act:slots>
        <slot>
          <slot:key>placeholder</slot:key>
          <slot:value type="string">false</slot:value>
        </slot>
        <slot>
          <slot:key>favorite</slot:key>
          <slot:value type="string">false</slot:value>
        </slot>
      </act:slots>
      <act:parent type="guid">6ee507f2a6f3a3d9ac12d2246f45760b</act:parent>
    </gnc:account>
    <gnc:account version="2.0.0">
      <act:name>Entertainment</act:name>
      <act:id type="guid">424606e688a9408ca4e7572add16b8b9</act:id>
      <act:type>EXPENSE</act:type>
      <act:commodity>
        <cmdty:space>ISO4217</cmdty:space>
        <cmdty:id>INR</cmdty:id>
      </act:commodity>
      <act:commodity-scu>100</act:commodity-scu>
      <act:slots>
        <slot>
          <slot:key>placeholder</slot:key>
          <slot:value type="string">false</slot:value>
        </slot>
        <slot>
          <slot:key>favorite</slot:key>
          <slot:value type="string">false</slot:value>
        </slot>
      </act:slots>
      <act:parent type="guid">6ee507f2a6f3a3d9ac12d2246f45760b</act:parent>
    </gnc:account>
    <gnc:account version="2.0.0">
      <act:name>Food</act:name>
      <act:id type="guid">548873da7a5d8ec9a6edf14af43f4e88</act:id>
      <act:type>EXPENSE</act:type>
      <act:commodity>
        <cmdty:space>ISO4217</cmdty:space>
        <cmdty:id>INR</cmdty:id>
      </act:commodity>
      <act:commodity-scu>100</act:commodity-scu>
      <act:slots>
        <slot>
          <slot:key>placeholder</slot:key>
          <slot:value type="string">true</slot:value>
        </slot>
        <slot>
          <slot:key>favorite</slot:key>
          <slot:value type="string">false</slot:value>
        </slot>
      </act:slots>
      <act:parent type="guid">6ee507f2a6f3a3d9ac12d2246f45760b</act:parent>
    </gnc:account>
    <gnc:account version="2.0.0">
      <act:name>Breakfast</act:name>
      <act:id type="guid">d61563e6e08cb24829a19c234239ac08</act:id>
      <act:type>EXPENSE</act:type>
      <act:commodity>
        <cmdty:space>ISO4217</cmdty:space>
        <cmdty:id>INR</cmdty:id>
      </act:commodity>
      <act:commodity-scu>100</act:commodity-scu>
      <act:slots>
        <slot>
          <slot:key>placeholder</slot:key>
          <slot:value type="string">false</slot:value>
        </slot>
        <slot>
          <slot:key>favorite</slot:key>
          <slot:value type="string">false</slot:value>
        </slot>
      </act:slots>
      <act:parent type="guid">548873da7a5d8ec9a6edf14af43f4e88</act:parent>
    </gnc:account>
    <gnc:account version="2.0.0">
      <act:name>Lunch</act:name>
      <act:id type="guid">fb92d7100206dd6251b9a970526df074</act:id>
      <act:type>EXPENSE</act:type>
      <act:commodity>
        <cmdty:space>ISO4217</cmdty:space>
        <cmdty:id>INR</cmdty:id>
      </act:commodity>
      <act:commodity-scu>100</act:commodity-scu>
      <act:slots>
        <slot>
          <slot:key>placeholder</slot:key>
          <slot:value type="string">false</slot:value>
        </slot>
        <slot>
          <slot:key>favorite</slot:key>
          <slot:value type="string">false</slot:value>
        </slot>
      </act:slots>
      <act:parent type="guid">548873da7a5d8ec9a6edf14af43f4e88</act:parent>
    </gnc:account>
    <gnc:account version="2.0.0">
      <act:name>Refreshment</act:name>
      <act:id type="guid">69f48ac9b1e4b564aa840e194cec2641</act:id>
      <act:type>EXPENSE</act:type>
      <act:commodity>
        <cmdty:space>ISO4217</cmdty:space>
        <cmdty:id>INR</cmdty:id>
      </act:commodity>
      <act:commodity-scu>100</act:commodity-scu>
      <act:slots>
        <slot>
          <slot:key>placeholder</slot:key>
          <slot:value type="string">false</slot:value>
        </slot>
        <slot>
          <slot:key>favorite</slot:key>
          <slot:value type="string">false</slot:value>
        </slot>
      </act:slots>
      <act:parent type="guid">548873da7a5d8ec9a6edf14af43f4e88</act:parent>
    </gnc:account>
    <gnc:account version="2.0.0">
      <act:name>Snacks</act:name>
      <act:id type="guid">06a74487820287f811789e817a2f227c</act:id>
      <act:type>EXPENSE</act:type>
      <act:commodity>
        <cmdty:space>ISO4217</cmdty:space>
        <cmdty:id>INR</cmdty:id>
      </act:commodity>
      <act:commodity-scu>100</act:commodity-scu>
      <act:slots>
        <slot>
          <slot:key>placeholder</slot:key>
          <slot:value type="string">false</slot:value>
        </slot>
        <slot>
          <slot:key>favorite</slot:key>
          <slot:value type="string">false</slot:value>
        </slot>
      </act:slots>
      <act:parent type="guid">548873da7a5d8ec9a6edf14af43f4e88</act:parent>
    </gnc:account>
    <gnc:account version="2.0.0">
      <act:name>Misc.</act:name>
      <act:id type="guid">471e3eac427147b99887ffaac64ae07a</act:id>
      <act:type>EXPENSE</act:type>
      <act:commodity>
        <cmdty:space>ISO4217</cmdty:space>
        <cmdty:id>INR</cmdty:id>
      </act:commodity>
      <act:commodity-scu>100</act:commodity-scu>
      <act:slots>
        <slot>
          <slot:key>placeholder</slot:key>
          <slot:value type="string">true</slot:value>
        </slot>
        <slot>
          <slot:key>favorite</slot:key>
          <slot:value type="string">false</slot:value>
        </slot>
      </act:slots>
      <act:parent type="guid">6ee507f2a6f3a3d9ac12d2246f45760b</act:parent>
    </gnc:account>
    <gnc:account version="2.0.0">
      <act:name>IEDC</act:name>
      <act:id type="guid">473199ea3d7c4c52a9c1e1585eb860de</act:id>
      <act:type>EXPENSE</act:type>
      <act:commodity>
        <cmdty:space>ISO4217</cmdty:space>
        <cmdty:id>INR</cmdty:id>
      </act:commodity>
      <act:commodity-scu>100</act:commodity-scu>
      <act:slots>
        <slot>
          <slot:key>placeholder</slot:key>
          <slot:value type="string">false</slot:value>
        </slot>
        <slot>
          <slot:key>favorite</slot:key>
          <slot:value type="string">false</slot:value>
        </slot>
      </act:slots>
      <act:parent type="guid">471e3eac427147b99887ffaac64ae07a</act:parent>
    </gnc:account>
    <gnc:account version="2.0.0">
      <act:name>Industrial Visit</act:name>
      <act:id type="guid">e91840ac36f74bbeaa94e98a23836330</act:id>
      <act:type>EXPENSE</act:type>
      <act:commodity>
        <cmdty:space>ISO4217</cmdty:space>
        <cmdty:id>INR</cmdty:id>
      </act:commodity>
      <act:commodity-scu>100</act:commodity-scu>
      <act:slots>
        <slot>
          <slot:key>placeholder</slot:key>
          <slot:value type="string">false</slot:value>
        </slot>
        <slot>
          <slot:key>favorite</slot:key>
          <slot:value type="string">false</slot:value>
        </slot>
      </act:slots>
      <act:parent type="guid">471e3eac427147b99887ffaac64ae07a</act:parent>
    </gnc:account>
    <gnc:account version="2.0.0">
      <act:name>Entertainment</act:name>
      <act:id type="guid">d4b4969ad2fe4b5aa7feb0b0520bd86b</act:id>
      <act:type>EXPENSE</act:type>
      <act:commodity>
        <cmdty:space>ISO4217</cmdty:space>
        <cmdty:id>INR</cmdty:id>
      </act:commodity>
      <act:commodity-scu>100</act:commodity-scu>
      <act:slots>
        <slot>
          <slot:key>placeholder</slot:key>
          <slot:value type="string">false</slot:value>
        </slot>
        <slot>
          <slot:key>favorite</slot:key>
          <slot:value type="string">false</slot:value>
        </slot>
      </act:slots>
      <act:parent type="guid">e91840ac36f74bbeaa94e98a23836330</act:parent>
    </gnc:account>
    <gnc:account version="2.0.0">
      <act:name>Food</act:name>
      <act:id type="guid">c5b0116d0c454e6ea081ae734bcc285c</act:id>
      <act:type>EXPENSE</act:type>
      <act:commodity>
        <cmdty:space>ISO4217</cmdty:space>
        <cmdty:id>INR</cmdty:id>
      </act:commodity>
      <act:commodity-scu>100</act:commodity-scu>
      <act:slots>
        <slot>
          <slot:key>placeholder</slot:key>
          <slot:value type="string">false</slot:value>
        </slot>
        <slot>
          <slot:key>favorite</slot:key>
          <slot:value type="string">false</slot:value>
        </slot>
      </act:slots>
      <act:parent type="guid">e91840ac36f74bbeaa94e98a23836330</act:parent>
    </gnc:account>
    <gnc:account version="2.0.0">
      <act:name>Gifts</act:name>
      <act:id type="guid">e84d69635d0e4e12ad58a38865b1f21f</act:id>
      <act:type>EXPENSE</act:type>
      <act:commodity>
        <cmdty:space>ISO4217</cmdty:space>
        <cmdty:id>INR</cmdty:id>
      </act:commodity>
      <act:commodity-scu>100</act:commodity-scu>
      <act:slots>
        <slot>
          <slot:key>placeholder</slot:key>
          <slot:value type="string">false</slot:value>
        </slot>
        <slot>
          <slot:key>favorite</slot:key>
          <slot:value type="string">false</slot:value>
        </slot>
      </act:slots>
      <act:parent type="guid">e91840ac36f74bbeaa94e98a23836330</act:parent>
    </gnc:account>
    <gnc:account version="2.0.0">
      <act:name>Transportation, Public, Bus Fair</act:name>
      <act:id type="guid">c19c979358604832be59eb399a25fbc5</act:id>
      <act:type>EXPENSE</act:type>
      <act:commodity>
        <cmdty:space>ISO4217</cmdty:space>
        <cmdty:id>INR</cmdty:id>
      </act:commodity>
      <act:commodity-scu>100</act:commodity-scu>
      <act:slots>
        <slot>
          <slot:key>placeholder</slot:key>
          <slot:value type="string">false</slot:value>
        </slot>
        <slot>
          <slot:key>favorite</slot:key>
          <slot:value type="string">false</slot:value>
        </slot>
      </act:slots>
      <act:parent type="guid">e91840ac36f74bbeaa94e98a23836330</act:parent>
    </gnc:account>
    <gnc:account version="2.0.0">
      <act:name>Transportation</act:name>
      <act:id type="guid">109ae956117bdf217a3eef71cd955225</act:id>
      <act:type>EXPENSE</act:type>
      <act:commodity>
        <cmdty:space>ISO4217</cmdty:space>
        <cmdty:id>INR</cmdty:id>
      </act:commodity>
      <act:commodity-scu>100</act:commodity-scu>
      <act:slots>
        <slot>
          <slot:key>placeholder</slot:key>
          <slot:value type="string">true</slot:value>
        </slot>
        <slot>
          <slot:key>favorite</slot:key>
          <slot:value type="string">false</slot:value>
        </slot>
      </act:slots>
      <act:parent type="guid">6ee507f2a6f3a3d9ac12d2246f45760b</act:parent>
    </gnc:account>
    <gnc:account version="2.0.0">
      <act:name>Public</act:name>
      <act:id type="guid">62421ea1d7699b1cf07ab248be171306</act:id>
      <act:type>EXPENSE</act:type>
      <act:commodity>
        <cmdty:space>ISO4217</cmdty:space>
        <cmdty:id>INR</cmdty:id>
      </act:commodity>
      <act:commodity-scu>100</act:commodity-scu>
      <act:slots>
        <slot>
          <slot:key>placeholder</slot:key>
          <slot:value type="string">true</slot:value>
        </slot>
        <slot>
          <slot:key>favorite</slot:key>
          <slot:value type="string">false</slot:value>
        </slot>
      </act:slots>
      <act:parent type="guid">109ae956117bdf217a3eef71cd955225</act:parent>
    </gnc:account>
    <gnc:account version="2.0.0">
      <act:name>Auto Fair</act:name>
      <act:id type="guid">d62431a50cd3afe87de8a4624e5c8fef</act:id>
      <act:type>EXPENSE</act:type>
      <act:commodity>
        <cmdty:space>ISO4217</cmdty:space>
        <cmdty:id>INR</cmdty:id>
      </act:commodity>
      <act:commodity-scu>100</act:commodity-scu>
      <act:slots>
        <slot>
          <slot:key>placeholder</slot:key>
          <slot:value type="string">false</slot:value>
        </slot>
        <slot>
          <slot:key>favorite</slot:key>
          <slot:value type="string">false</slot:value>
        </slot>
      </act:slots>
      <act:parent type="guid">62421ea1d7699b1cf07ab248be171306</act:parent>
    </gnc:account>
    <gnc:account version="2.0.0">
      <act:name>Bus Fair</act:name>
      <act:id type="guid">c312117378cdfec8b727dcfb6dce302d</act:id>
      <act:type>EXPENSE</act:type>
      <act:commodity>
        <cmdty:space>ISO4217</cmdty:space>
        <cmdty:id>INR</cmdty:id>
      </act:commodity>
      <act:commodity-scu>100</act:commodity-scu>
      <act:slots>
        <slot>
          <slot:key>placeholder</slot:key>
          <slot:value type="string">false</slot:value>
        </slot>
        <slot>
          <slot:key>favorite</slot:key>
          <slot:value type="string">false</slot:value>
        </slot>
      </act:slots>
      <act:parent type="guid">62421ea1d7699b1cf07ab248be171306</act:parent>
    </gnc:account>
    <gnc:account version="2.0.0">
      <act:name>Entertainment</act:name>
      <act:id type="guid">15278c098352eac9e285d4014ae5507b</act:id>
      <act:type>EXPENSE</act:type>
      <act:commodity>
        <cmdty:space>ISO4217</cmdty:space>
        <cmdty:id>INR</cmdty:id>
      </act:commodity>
      <act:commodity-scu>100</act:commodity-scu>
      <act:slots>
        <slot>
          <slot:key>placeholder</slot:key>
          <slot:value type="string">true</slot:value>
        </slot>
        <slot>
          <slot:key>favorite</slot:key>
          <slot:value type="string">false</slot:value>
        </slot>
      </act:slots>
      <act:parent type="guid">a7a3ab3a0d05455d58d3383ccb72a3e3</act:parent>
    </gnc:account>
    <gnc:account version="2.0.0">
      <act:name>Fast Foods</act:name>
      <act:id type="guid">be79ef9fd18cdc5457953404d8f8676b</act:id>
      <act:type>EXPENSE</act:type>
      <act:commodity>
        <cmdty:space>ISO4217</cmdty:space>
        <cmdty:id>INR</cmdty:id>
      </act:commodity>
      <act:commodity-scu>100</act:commodity-scu>
      <act:slots>
        <slot>
          <slot:key>placeholder</slot:key>
          <slot:value type="string">false</slot:value>
        </slot>
        <slot>
          <slot:key>favorite</slot:key>
          <slot:value type="string">false</slot:value>
        </slot>
      </act:slots>
      <act:parent type="guid">15278c098352eac9e285d4014ae5507b</act:parent>
    </gnc:account>
    <gnc:account version="2.0.0">
      <act:name>Transportation</act:name>
      <act:id type="guid">679c7df9f60b2e2552b96c810ed8e806</act:id>
      <act:type>EXPENSE</act:type>
      <act:commodity>
        <cmdty:space>ISO4217</cmdty:space>
        <cmdty:id>INR</cmdty:id>
      </act:commodity>
      <act:commodity-scu>100</act:commodity-scu>
      <act:slots>
        <slot>
          <slot:key>placeholder</slot:key>
          <slot:value type="string">false</slot:value>
        </slot>
        <slot>
          <slot:key>favorite</slot:key>
          <slot:value type="string">false</slot:value>
        </slot>
      </act:slots>
      <act:parent type="guid">be79ef9fd18cdc5457953404d8f8676b</act:parent>
    </gnc:account>
    <gnc:account version="2.0.0">
      <act:name>Music/Movies</act:name>
      <act:id type="guid">7111a1a0efe0189ea98a520948735433</act:id>
      <act:type>EXPENSE</act:type>
      <act:commodity>
        <cmdty:space>ISO4217</cmdty:space>
        <cmdty:id>INR</cmdty:id>
      </act:commodity>
      <act:commodity-scu>100</act:commodity-scu>
      <act:slots>
        <slot>
          <slot:key>placeholder</slot:key>
          <slot:value type="string">false</slot:value>
        </slot>
        <slot>
          <slot:key>favorite</slot:key>
          <slot:value type="string">false</slot:value>
        </slot>
      </act:slots>
      <act:parent type="guid">15278c098352eac9e285d4014ae5507b</act:parent>
    </gnc:account>
    <gnc:account version="2.0.0">
      <act:name>Transportation</act:name>
      <act:id type="guid">d3359a4fdf2f41bcac3aa4e726dec549</act:id>
      <act:type>EXPENSE</act:type>
      <act:commodity>
        <cmdty:space>ISO4217</cmdty:space>
        <cmdty:id>INR</cmdty:id>
      </act:commodity>
      <act:commodity-scu>100</act:commodity-scu>
      <act:slots>
        <slot>
          <slot:key>placeholder</slot:key>
          <slot:value type="string">false</slot:value>
        </slot>
        <slot>
          <slot:key>favorite</slot:key>
          <slot:value type="string">false</slot:value>
        </slot>
      </act:slots>
      <act:parent type="guid">15278c098352eac9e285d4014ae5507b</act:parent>
    </gnc:account>
    <gnc:account version="2.0.0">
      <act:name>Food</act:name>
      <act:id type="guid">ef8dc97001dc46c4aa676e8588922ef4</act:id>
      <act:type>EXPENSE</act:type>
      <act:commodity>
        <cmdty:space>ISO4217</cmdty:space>
        <cmdty:id>INR</cmdty:id>
      </act:commodity>
      <act:commodity-scu>100</act:commodity-scu>
      <act:slots>
        <slot>
          <slot:key>placeholder</slot:key>
          <slot:value type="string">true</slot:value>
        </slot>
        <slot>
          <slot:key>favorite</slot:key>
          <slot:value type="string">false</slot:value>
        </slot>
      </act:slots>
      <act:parent type="guid">a7a3ab3a0d05455d58d3383ccb72a3e3</act:parent>
    </gnc:account>
    <gnc:account version="2.0.0">
      <act:name>Snacks</act:name>
      <act:id type="guid">7db52a7ac220417a9e82871cbe1d7826</act:id>
      <act:type>EXPENSE</act:type>
      <act:commodity>
        <cmdty:space>ISO4217</cmdty:space>
        <cmdty:id>INR</cmdty:id>
      </act:commodity>
      <act:commodity-scu>100</act:commodity-scu>
      <act:slots>
        <slot>
          <slot:key>placeholder</slot:key>
          <slot:value type="string">false</slot:value>
        </slot>
        <slot>
          <slot:key>favorite</slot:key>
          <slot:value type="string">false</slot:value>
        </slot>
      </act:slots>
      <act:parent type="guid">ef8dc97001dc46c4aa676e8588922ef4</act:parent>
    </gnc:account>
    <gnc:account version="2.0.0">
      <act:name>Gifts</act:name>
      <act:id type="guid">694c830916284164505acd53df0a785a</act:id>
      <act:type>EXPENSE</act:type>
      <act:commodity>
        <cmdty:space>ISO4217</cmdty:space>
        <cmdty:id>INR</cmdty:id>
      </act:commodity>
      <act:commodity-scu>100</act:commodity-scu>
      <act:slots>
        <slot>
          <slot:key>placeholder</slot:key>
          <slot:value type="string">false</slot:value>
        </slot>
        <slot>
          <slot:key>favorite</slot:key>
          <slot:value type="string">false</slot:value>
        </slot>
      </act:slots>
      <act:parent type="guid">a7a3ab3a0d05455d58d3383ccb72a3e3</act:parent>
    </gnc:account>
    <gnc:account version="2.0.0">
      <act:name>Groceries</act:name>
      <act:id type="guid">fd2a3ceb0273bd969fd29091b3c20da7</act:id>
      <act:type>EXPENSE</act:type>
      <act:commodity>
        <cmdty:space>ISO4217</cmdty:space>
        <cmdty:id>INR</cmdty:id>
      </act:commodity>
      <act:commodity-scu>100</act:commodity-scu>
      <act:slots>
        <slot>
          <slot:key>placeholder</slot:key>
          <slot:value type="string">false</slot:value>
        </slot>
        <slot>
          <slot:key>favorite</slot:key>
          <slot:value type="string">false</slot:value>
        </slot>
      </act:slots>
      <act:parent type="guid">a7a3ab3a0d05455d58d3383ccb72a3e3</act:parent>
    </gnc:account>
    <gnc:account version="2.0.0">
      <act:name>Hobbies</act:name>
      <act:id type="guid">150cc3a7cf4ff3f88a22234bac35bf35</act:id>
      <act:type>EXPENSE</act:type>
      <act:commodity>
        <cmdty:space>ISO4217</cmdty:space>
        <cmdty:id>INR</cmdty:id>
      </act:commodity>
      <act:commodity-scu>100</act:commodity-scu>
      <act:slots>
        <slot>
          <slot:key>placeholder</slot:key>
          <slot:value type="string">false</slot:value>
        </slot>
        <slot>
          <slot:key>favorite</slot:key>
          <slot:value type="string">false</slot:value>
        </slot>
      </act:slots>
      <act:parent type="guid">a7a3ab3a0d05455d58d3383ccb72a3e3</act:parent>
    </gnc:account>
    <gnc:account version="2.0.0">
      <act:name>Licenses</act:name>
      <act:id type="guid">ce71da763aaf3722ae3e0d23465e49a4</act:id>
      <act:type>EXPENSE</act:type>
      <act:commodity>
        <cmdty:space>ISO4217</cmdty:space>
        <cmdty:id>INR</cmdty:id>
      </act:commodity>
      <act:commodity-scu>100</act:commodity-scu>
      <act:slots>
        <slot>
          <slot:key>placeholder</slot:key>
          <slot:value type="string">false</slot:value>
        </slot>
        <slot>
          <slot:key>favorite</slot:key>
          <slot:value type="string">false</slot:value>
        </slot>
      </act:slots>
      <act:parent type="guid">a7a3ab3a0d05455d58d3383ccb72a3e3</act:parent>
    </gnc:account>
    <gnc:account version="2.0.0">
      <act:name>Maintanances</act:name>
      <act:id type="guid">f24a6f24d8c1bb001de1069097ecf380</act:id>
      <act:type>EXPENSE</act:type>
      <act:commodity>
        <cmdty:space>ISO4217</cmdty:space>
        <cmdty:id>INR</cmdty:id>
      </act:commodity>
      <act:commodity-scu>100</act:commodity-scu>
      <act:slots>
        <slot>
          <slot:key>placeholder</slot:key>
          <slot:value type="string">true</slot:value>
        </slot>
        <slot>
          <slot:key>favorite</slot:key>
          <slot:value type="string">false</slot:value>
        </slot>
      </act:slots>
      <act:parent type="guid">a7a3ab3a0d05455d58d3383ccb72a3e3</act:parent>
    </gnc:account>
    <gnc:account version="2.0.0">
      <act:name>Equipment Repairs</act:name>
      <act:id type="guid">adbb09cbe623e2a23b8a232a65a48f0d</act:id>
      <act:type>EXPENSE</act:type>
      <act:commodity>
        <cmdty:space>ISO4217</cmdty:space>
        <cmdty:id>INR</cmdty:id>
      </act:commodity>
      <act:commodity-scu>100</act:commodity-scu>
      <act:slots>
        <slot>
          <slot:key>placeholder</slot:key>
          <slot:value type="string">false</slot:value>
        </slot>
        <slot>
          <slot:key>favorite</slot:key>
          <slot:value type="string">false</slot:value>
        </slot>
      </act:slots>
      <act:parent type="guid">f24a6f24d8c1bb001de1069097ecf380</act:parent>
    </gnc:account>
    <gnc:account version="2.0.0">
      <act:name>Cell Phones, Nokia Asha (Hisham)</act:name>
      <act:id type="guid">6e7c10838a4935dfb23e2e52c58f3deb</act:id>
      <act:type>EXPENSE</act:type>
      <act:commodity>
        <cmdty:space>ISO4217</cmdty:space>
        <cmdty:id>INR</cmdty:id>
      </act:commodity>
      <act:commodity-scu>100</act:commodity-scu>
      <act:slots>
        <slot>
          <slot:key>placeholder</slot:key>
          <slot:value type="string">false</slot:value>
        </slot>
        <slot>
          <slot:key>favorite</slot:key>
          <slot:value type="string">false</slot:value>
        </slot>
      </act:slots>
      <act:parent type="guid">adbb09cbe623e2a23b8a232a65a48f0d</act:parent>
    </gnc:account>
    <gnc:account version="2.0.0">
      <act:name>Computers</act:name>
      <act:id type="guid">6b6661496862fba9140c735ed5442e8c</act:id>
      <act:type>EXPENSE</act:type>
      <act:commodity>
        <cmdty:space>ISO4217</cmdty:space>
        <cmdty:id>INR</cmdty:id>
      </act:commodity>
      <act:commodity-scu>100</act:commodity-scu>
      <act:slots>
        <slot>
          <slot:key>placeholder</slot:key>
          <slot:value type="string">false</slot:value>
        </slot>
        <slot>
          <slot:key>favorite</slot:key>
          <slot:value type="string">false</slot:value>
        </slot>
      </act:slots>
      <act:parent type="guid">adbb09cbe623e2a23b8a232a65a48f0d</act:parent>
    </gnc:account>
    <gnc:account version="2.0.0">
      <act:name>Medicals</act:name>
      <act:id type="guid">d8358b0c4716d54f7f5f6cd0f8f3e02f</act:id>
      <act:type>EXPENSE</act:type>
      <act:commodity>
        <cmdty:space>ISO4217</cmdty:space>
        <cmdty:id>INR</cmdty:id>
      </act:commodity>
      <act:commodity-scu>100</act:commodity-scu>
      <act:slots>
        <slot>
          <slot:key>placeholder</slot:key>
          <slot:value type="string">false</slot:value>
        </slot>
        <slot>
          <slot:key>favorite</slot:key>
          <slot:value type="string">false</slot:value>
        </slot>
      </act:slots>
      <act:parent type="guid">a7a3ab3a0d05455d58d3383ccb72a3e3</act:parent>
    </gnc:account>
    <gnc:account version="2.0.0">
      <act:name>Office Equipments</act:name>
      <act:id type="guid">3f02a49d49fe6f0cdc77f47789c92249</act:id>
      <act:type>EXPENSE</act:type>
      <act:commodity>
        <cmdty:space>ISO4217</cmdty:space>
        <cmdty:id>INR</cmdty:id>
      </act:commodity>
      <act:commodity-scu>100</act:commodity-scu>
      <act:slots>
        <slot>
          <slot:key>placeholder</slot:key>
          <slot:value type="string">false</slot:value>
        </slot>
        <slot>
          <slot:key>favorite</slot:key>
          <slot:value type="string">false</slot:value>
        </slot>
      </act:slots>
      <act:parent type="guid">a7a3ab3a0d05455d58d3383ccb72a3e3</act:parent>
    </gnc:account>
    <gnc:account version="2.0.0">
      <act:name>Online Services</act:name>
      <act:id type="guid">11568a37b42b42cb919af2fc2f901bb6</act:id>
      <act:type>EXPENSE</act:type>
      <act:commodity>
        <cmdty:space>ISO4217</cmdty:space>
        <cmdty:id>INR</cmdty:id>
      </act:commodity>
      <act:commodity-scu>100</act:commodity-scu>
      <act:slots>
        <slot>
          <slot:key>placeholder</slot:key>
          <slot:value type="string">false</slot:value>
        </slot>
        <slot>
          <slot:key>favorite</slot:key>
          <slot:value type="string">false</slot:value>
        </slot>
      </act:slots>
      <act:parent type="guid">a7a3ab3a0d05455d58d3383ccb72a3e3</act:parent>
    </gnc:account>
    <gnc:account version="2.0.0">
      <act:name>Outside Services</act:name>
      <act:id type="guid">58930f4a6d690f0842c1d5cce4f62ff7</act:id>
      <act:type>EXPENSE</act:type>
      <act:commodity>
        <cmdty:space>ISO4217</cmdty:space>
        <cmdty:id>INR</cmdty:id>
      </act:commodity>
      <act:commodity-scu>100</act:commodity-scu>
      <act:slots>
        <slot>
          <slot:key>placeholder</slot:key>
          <slot:value type="string">false</slot:value>
        </slot>
        <slot>
          <slot:key>favorite</slot:key>
          <slot:value type="string">false</slot:value>
        </slot>
      </act:slots>
      <act:parent type="guid">a7a3ab3a0d05455d58d3383ccb72a3e3</act:parent>
    </gnc:account>
    <gnc:account version="2.0.0">
      <act:name>Permits</act:name>
      <act:id type="guid">9e8802f0bfcf7c527287e501f919526b</act:id>
      <act:type>EXPENSE</act:type>
      <act:commodity>
        <cmdty:space>ISO4217</cmdty:space>
        <cmdty:id>INR</cmdty:id>
      </act:commodity>
      <act:commodity-scu>100</act:commodity-scu>
      <act:slots>
        <slot>
          <slot:key>placeholder</slot:key>
          <slot:value type="string">false</slot:value>
        </slot>
        <slot>
          <slot:key>favorite</slot:key>
          <slot:value type="string">false</slot:value>
        </slot>
      </act:slots>
      <act:parent type="guid">a7a3ab3a0d05455d58d3383ccb72a3e3</act:parent>
    </gnc:account>
    <gnc:account version="2.0.0">
      <act:name>Politics, IUML Jaram</act:name>
      <act:id type="guid">56134891d54a5244356e47bf9148c46e</act:id>
      <act:type>EXPENSE</act:type>
      <act:commodity>
        <cmdty:space>ISO4217</cmdty:space>
        <cmdty:id>INR</cmdty:id>
      </act:commodity>
      <act:commodity-scu>100</act:commodity-scu>
      <act:slots>
        <slot>
          <slot:key>placeholder</slot:key>
          <slot:value type="string">false</slot:value>
        </slot>
        <slot>
          <slot:key>favorite</slot:key>
          <slot:value type="string">false</slot:value>
        </slot>
      </act:slots>
      <act:parent type="guid">a7a3ab3a0d05455d58d3383ccb72a3e3</act:parent>
    </gnc:account>
    <gnc:account version="2.0.0">
      <act:name>Postages</act:name>
      <act:id type="guid">e00bdfd685b0cf3f6931aff4b1ff04cb</act:id>
      <act:type>EXPENSE</act:type>
      <act:commodity>
        <cmdty:space>ISO4217</cmdty:space>
        <cmdty:id>INR</cmdty:id>
      </act:commodity>
      <act:commodity-scu>100</act:commodity-scu>
      <act:slots>
        <slot>
          <slot:key>placeholder</slot:key>
          <slot:value type="string">false</slot:value>
        </slot>
        <slot>
          <slot:key>favorite</slot:key>
          <slot:value type="string">false</slot:value>
        </slot>
      </act:slots>
      <act:parent type="guid">a7a3ab3a0d05455d58d3383ccb72a3e3</act:parent>
    </gnc:account>
    <gnc:account version="2.0.0">
      <act:name>Printings</act:name>
      <act:id type="guid">587994587b961110a10b925a33b767be</act:id>
      <act:type>EXPENSE</act:type>
      <act:commodity>
        <cmdty:space>ISO4217</cmdty:space>
        <cmdty:id>INR</cmdty:id>
      </act:commodity>
      <act:commodity-scu>100</act:commodity-scu>
      <act:slots>
        <slot>
          <slot:key>placeholder</slot:key>
          <slot:value type="string">false</slot:value>
        </slot>
        <slot>
          <slot:key>favorite</slot:key>
          <slot:value type="string">false</slot:value>
        </slot>
      </act:slots>
      <act:parent type="guid">a7a3ab3a0d05455d58d3383ccb72a3e3</act:parent>
    </gnc:account>
    <gnc:account version="2.0.0">
      <act:name>Refreshment</act:name>
      <act:id type="guid">3067ab09a10d8aacf560e415ac1afcd1</act:id>
      <act:type>EXPENSE</act:type>
      <act:commodity>
        <cmdty:space>ISO4217</cmdty:space>
        <cmdty:id>INR</cmdty:id>
      </act:commodity>
      <act:commodity-scu>100</act:commodity-scu>
      <act:slots>
        <slot>
          <slot:key>placeholder</slot:key>
          <slot:value type="string">false</slot:value>
        </slot>
        <slot>
          <slot:key>favorite</slot:key>
          <slot:value type="string">false</slot:value>
        </slot>
      </act:slots>
      <act:parent type="guid">a7a3ab3a0d05455d58d3383ccb72a3e3</act:parent>
    </gnc:account>
    <gnc:account version="2.0.0">
      <act:name>Barber Shops, Spamen - Thekkumuri, Tirur</act:name>
      <act:id type="guid">59e7553def57ad963f3442c55297c42f</act:id>
      <act:type>EXPENSE</act:type>
      <act:commodity>
        <cmdty:space>ISO4217</cmdty:space>
        <cmdty:id>INR</cmdty:id>
      </act:commodity>
      <act:commodity-scu>100</act:commodity-scu>
      <act:slots>
        <slot>
          <slot:key>placeholder</slot:key>
          <slot:value type="string">false</slot:value>
        </slot>
        <slot>
          <slot:key>favorite</slot:key>
          <slot:value type="string">false</slot:value>
        </slot>
      </act:slots>
      <act:parent type="guid">3067ab09a10d8aacf560e415ac1afcd1</act:parent>
    </gnc:account>
    <gnc:account version="2.0.0">
      <act:name>Transportation, Public, Bus Fair</act:name>
      <act:id type="guid">3bea634a24c6275cf8319463ffde8468</act:id>
      <act:type>EXPENSE</act:type>
      <act:commodity>
        <cmdty:space>ISO4217</cmdty:space>
        <cmdty:id>INR</cmdty:id>
      </act:commodity>
      <act:commodity-scu>100</act:commodity-scu>
      <act:slots>
        <slot>
          <slot:key>placeholder</slot:key>
          <slot:value type="string">false</slot:value>
        </slot>
        <slot>
          <slot:key>favorite</slot:key>
          <slot:value type="string">false</slot:value>
        </slot>
      </act:slots>
      <act:parent type="guid">59e7553def57ad963f3442c55297c42f</act:parent>
    </gnc:account>
    <gnc:account version="2.0.0">
      <act:name>Rents, Equipments</act:name>
      <act:id type="guid">a7e4910c927fed2a7cd453d14a6546da</act:id>
      <act:type>EXPENSE</act:type>
      <act:commodity>
        <cmdty:space>ISO4217</cmdty:space>
        <cmdty:id>INR</cmdty:id>
      </act:commodity>
      <act:commodity-scu>100</act:commodity-scu>
      <act:slots>
        <slot>
          <slot:key>placeholder</slot:key>
          <slot:value type="string">false</slot:value>
        </slot>
        <slot>
          <slot:key>favorite</slot:key>
          <slot:value type="string">false</slot:value>
        </slot>
      </act:slots>
      <act:parent type="guid">a7a3ab3a0d05455d58d3383ccb72a3e3</act:parent>
    </gnc:account>
    <gnc:account version="2.0.0">
      <act:name>Reproduction</act:name>
      <act:id type="guid">2f989d368880f37fee8fe6bd7259d5a6</act:id>
      <act:type>EXPENSE</act:type>
      <act:commodity>
        <cmdty:space>ISO4217</cmdty:space>
        <cmdty:id>INR</cmdty:id>
      </act:commodity>
      <act:commodity-scu>100</act:commodity-scu>
      <act:slots>
        <slot>
          <slot:key>placeholder</slot:key>
          <slot:value type="string">false</slot:value>
        </slot>
        <slot>
          <slot:key>favorite</slot:key>
          <slot:value type="string">false</slot:value>
        </slot>
      </act:slots>
      <act:parent type="guid">a7a3ab3a0d05455d58d3383ccb72a3e3</act:parent>
    </gnc:account>
    <gnc:account version="2.0.0">
      <act:name>Subscriptions</act:name>
      <act:id type="guid">9bc72901f3d1e4e1abbd28a44b47fd12</act:id>
      <act:type>EXPENSE</act:type>
      <act:commodity>
        <cmdty:space>ISO4217</cmdty:space>
        <cmdty:id>INR</cmdty:id>
      </act:commodity>
      <act:commodity-scu>100</act:commodity-scu>
      <act:slots>
        <slot>
          <slot:key>placeholder</slot:key>
          <slot:value type="string">false</slot:value>
        </slot>
        <slot>
          <slot:key>favorite</slot:key>
          <slot:value type="string">false</slot:value>
        </slot>
      </act:slots>
      <act:parent type="guid">a7a3ab3a0d05455d58d3383ccb72a3e3</act:parent>
    </gnc:account>
    <gnc:account version="2.0.0">
      <act:name>Utilities</act:name>
      <act:id type="guid">2acc2e401eaf441569b51b9118777985</act:id>
      <act:type>EXPENSE</act:type>
      <act:commodity>
        <cmdty:space>ISO4217</cmdty:space>
        <cmdty:id>INR</cmdty:id>
      </act:commodity>
      <act:commodity-scu>100</act:commodity-scu>
      <act:slots>
        <slot>
          <slot:key>placeholder</slot:key>
          <slot:value type="string">true</slot:value>
        </slot>
        <slot>
          <slot:key>favorite</slot:key>
          <slot:value type="string">false</slot:value>
        </slot>
      </act:slots>
      <act:parent type="guid">a7a3ab3a0d05455d58d3383ccb72a3e3</act:parent>
    </gnc:account>
    <gnc:account version="2.0.0">
      <act:name>Cell Phone, Recharges</act:name>
      <act:id type="guid">d867fa36b4023977cdc27ac1d7c26885</act:id>
      <act:type>EXPENSE</act:type>
      <act:commodity>
        <cmdty:space>ISO4217</cmdty:space>
        <cmdty:id>INR</cmdty:id>
      </act:commodity>
      <act:commodity-scu>100</act:commodity-scu>
      <act:slots>
        <slot>
          <slot:key>placeholder</slot:key>
          <slot:value type="string">false</slot:value>
        </slot>
        <slot>
          <slot:key>favorite</slot:key>
          <slot:value type="string">false</slot:value>
        </slot>
      </act:slots>
      <act:parent type="guid">2acc2e401eaf441569b51b9118777985</act:parent>
    </gnc:account>
    <gnc:account version="2.0.0">
      <act:name>Internet</act:name>
      <act:id type="guid">7c12e3136db3c3afe7ae983b57890edd</act:id>
      <act:type>EXPENSE</act:type>
      <act:commodity>
        <cmdty:space>ISO4217</cmdty:space>
        <cmdty:id>INR</cmdty:id>
      </act:commodity>
      <act:commodity-scu>100</act:commodity-scu>
      <act:slots>
        <slot>
          <slot:key>placeholder</slot:key>
          <slot:value type="string">false</slot:value>
        </slot>
        <slot>
          <slot:key>favorite</slot:key>
          <slot:value type="string">false</slot:value>
        </slot>
      </act:slots>
      <act:parent type="guid">2acc2e401eaf441569b51b9118777985</act:parent>
    </gnc:account>
    <gnc:account version="2.0.0">
      <act:name>Vehicle, Bike</act:name>
      <act:id type="guid">1e8646d25c5a4969ae22dd9ea2857950</act:id>
      <act:type>EXPENSE</act:type>
      <act:commodity>
        <cmdty:space>ISO4217</cmdty:space>
        <cmdty:id>INR</cmdty:id>
      </act:commodity>
      <act:commodity-scu>100</act:commodity-scu>
      <act:slots>
        <slot>
          <slot:key>placeholder</slot:key>
          <slot:value type="string">false</slot:value>
        </slot>
        <slot>
          <slot:key>favorite</slot:key>
          <slot:value type="string">false</slot:value>
        </slot>
      </act:slots>
      <act:parent type="guid">a7a3ab3a0d05455d58d3383ccb72a3e3</act:parent>
    </gnc:account>
    <gnc:account version="2.0.0">
      <act:name>Work Expenses</act:name>
      <act:id type="guid">4864d832209299f517f164601fbce0ec</act:id>
      <act:type>EXPENSE</act:type>
      <act:commodity>
        <cmdty:space>ISO4217</cmdty:space>
        <cmdty:id>INR</cmdty:id>
      </act:commodity>
      <act:commodity-scu>100</act:commodity-scu>
      <act:slots>
        <slot>
          <slot:key>placeholder</slot:key>
          <slot:value type="string">false</slot:value>
        </slot>
        <slot>
          <slot:key>favorite</slot:key>
          <slot:value type="string">false</slot:value>
        </slot>
      </act:slots>
      <act:parent type="guid">a7a3ab3a0d05455d58d3383ccb72a3e3</act:parent>
    </gnc:account>
    <gnc:account version="2.0.0">
      <act:name>Athif B P Angadi Works,Mudra Sports</act:name>
      <act:id type="guid">d231c5c6866dc64eeff9347a8ff07009</act:id>
      <act:type>EXPENSE</act:type>
      <act:commodity>
        <cmdty:space>ISO4217</cmdty:space>
        <cmdty:id>INR</cmdty:id>
      </act:commodity>
      <act:commodity-scu>100</act:commodity-scu>
      <act:slots>
        <slot>
          <slot:key>placeholder</slot:key>
          <slot:value type="string">true</slot:value>
        </slot>
        <slot>
          <slot:key>favorite</slot:key>
          <slot:value type="string">false</slot:value>
        </slot>
      </act:slots>
      <act:parent type="guid">4864d832209299f517f164601fbce0ec</act:parent>
    </gnc:account>
    <gnc:account version="2.0.0">
      <act:name>Food</act:name>
      <act:id type="guid">405182edddb621ec4dad9a6deae34b25</act:id>
      <act:type>EXPENSE</act:type>
      <act:commodity>
        <cmdty:space>ISO4217</cmdty:space>
        <cmdty:id>INR</cmdty:id>
      </act:commodity>
      <act:commodity-scu>100</act:commodity-scu>
      <act:slots>
        <slot>
          <slot:key>placeholder</slot:key>
          <slot:value type="string">true</slot:value>
        </slot>
        <slot>
          <slot:key>favorite</slot:key>
          <slot:value type="string">false</slot:value>
        </slot>
      </act:slots>
      <act:parent type="guid">d231c5c6866dc64eeff9347a8ff07009</act:parent>
    </gnc:account>
    <gnc:account version="2.0.0">
      <act:name>Lunch</act:name>
      <act:id type="guid">d48f0be66e8d858dda5b71408778bd02</act:id>
      <act:type>EXPENSE</act:type>
      <act:commodity>
        <cmdty:space>ISO4217</cmdty:space>
        <cmdty:id>INR</cmdty:id>
      </act:commodity>
      <act:commodity-scu>100</act:commodity-scu>
      <act:slots>
        <slot>
          <slot:key>placeholder</slot:key>
          <slot:value type="string">false</slot:value>
        </slot>
        <slot>
          <slot:key>favorite</slot:key>
          <slot:value type="string">false</slot:value>
        </slot>
      </act:slots>
      <act:parent type="guid">405182edddb621ec4dad9a6deae34b25</act:parent>
    </gnc:account>
    <gnc:account version="2.0.0">
      <act:name>Snacks</act:name>
      <act:id type="guid">ed010ffa0368096e251da5b861d9c052</act:id>
      <act:type>EXPENSE</act:type>
      <act:commodity>
        <cmdty:space>ISO4217</cmdty:space>
        <cmdty:id>INR</cmdty:id>
      </act:commodity>
      <act:commodity-scu>100</act:commodity-scu>
      <act:slots>
        <slot>
          <slot:key>placeholder</slot:key>
          <slot:value type="string">false</slot:value>
        </slot>
        <slot>
          <slot:key>favorite</slot:key>
          <slot:value type="string">false</slot:value>
        </slot>
      </act:slots>
      <act:parent type="guid">405182edddb621ec4dad9a6deae34b25</act:parent>
    </gnc:account>
    <gnc:account version="2.0.0">
      <act:name>Transportation, Public, Bus Fair</act:name>
      <act:id type="guid">8d9f280737c4f6dd90505d4c1b1f235e</act:id>
      <act:type>EXPENSE</act:type>
      <act:commodity>
        <cmdty:space>ISO4217</cmdty:space>
        <cmdty:id>INR</cmdty:id>
      </act:commodity>
      <act:commodity-scu>100</act:commodity-scu>
      <act:slots>
        <slot>
          <slot:key>placeholder</slot:key>
          <slot:value type="string">false</slot:value>
        </slot>
        <slot>
          <slot:key>favorite</slot:key>
          <slot:value type="string">false</slot:value>
        </slot>
      </act:slots>
      <act:parent type="guid">d231c5c6866dc64eeff9347a8ff07009</act:parent>
    </gnc:account>
    <gnc:account version="2.0.0">
      <act:name>Basil Rubixoft Works, Transportation, Public, Bus Fair</act:name>
      <act:id type="guid">c51d0b91403a4baba25a8a99b576574a</act:id>
      <act:type>EXPENSE</act:type>
      <act:commodity>
        <cmdty:space>ISO4217</cmdty:space>
        <cmdty:id>INR</cmdty:id>
      </act:commodity>
      <act:commodity-scu>100</act:commodity-scu>
      <act:slots>
        <slot>
          <slot:key>placeholder</slot:key>
          <slot:value type="string">false</slot:value>
        </slot>
        <slot>
          <slot:key>favorite</slot:key>
          <slot:value type="string">false</slot:value>
        </slot>
      </act:slots>
      <act:parent type="guid">4864d832209299f517f164601fbce0ec</act:parent>
    </gnc:account>
    <gnc:account version="2.0.0">
      <act:name>Foods</act:name>
      <act:id type="guid">0ae5c84ccb110bafc6ce02b58f02094e</act:id>
      <act:type>EXPENSE</act:type>
      <act:commodity>
        <cmdty:space>ISO4217</cmdty:space>
        <cmdty:id>INR</cmdty:id>
      </act:commodity>
      <act:commodity-scu>100</act:commodity-scu>
      <act:slots>
        <slot>
          <slot:key>placeholder</slot:key>
          <slot:value type="string">true</slot:value>
        </slot>
        <slot>
          <slot:key>favorite</slot:key>
          <slot:value type="string">false</slot:value>
        </slot>
      </act:slots>
      <act:parent type="guid">4864d832209299f517f164601fbce0ec</act:parent>
    </gnc:account>
    <gnc:account version="2.0.0">
      <act:name>Eavening Teas, Project Guidance, 2016-17, Poly 3 Year Diploma, Main Project, SSM Poly Tirur, Vakif &amp; Sanoop Team</act:name>
      <act:id type="guid">e917532e91ce9bb8f18fbcee6c1b11e5</act:id>
      <act:type>EXPENSE</act:type>
      <act:commodity>
        <cmdty:space>ISO4217</cmdty:space>
        <cmdty:id>INR</cmdty:id>
      </act:commodity>
      <act:commodity-scu>100</act:commodity-scu>
      <act:slots>
        <slot>
          <slot:key>placeholder</slot:key>
          <slot:value type="string">false</slot:value>
        </slot>
        <slot>
          <slot:key>favorite</slot:key>
          <slot:value type="string">false</slot:value>
        </slot>
      </act:slots>
      <act:parent type="guid">0ae5c84ccb110bafc6ce02b58f02094e</act:parent>
    </gnc:account>
    <gnc:account version="2.0.0">
      <act:name>Lunch, Project Guidance, 2016-17, Poly 3 Year Diploma, Main Project, SSM Poly, Jijith &amp; Ramees Team</act:name>
      <act:id type="guid">a314393b9a995a674c662cb7506ddd5e</act:id>
      <act:type>EXPENSE</act:type>
      <act:commodity>
        <cmdty:space>ISO4217</cmdty:space>
        <cmdty:id>INR</cmdty:id>
      </act:commodity>
      <act:commodity-scu>100</act:commodity-scu>
      <act:slots>
        <slot>
          <slot:key>placeholder</slot:key>
          <slot:value type="string">false</slot:value>
        </slot>
        <slot>
          <slot:key>favorite</slot:key>
          <slot:value type="string">false</slot:value>
        </slot>
      </act:slots>
      <act:parent type="guid">0ae5c84ccb110bafc6ce02b58f02094e</act:parent>
    </gnc:account>
    <gnc:account version="2.0.0">
      <act:name>Snacks</act:name>
      <act:id type="guid">15a58aa3ed0c3247060b6c4b4d239278</act:id>
      <act:type>EXPENSE</act:type>
      <act:commodity>
        <cmdty:space>ISO4217</cmdty:space>
        <cmdty:id>INR</cmdty:id>
      </act:commodity>
      <act:commodity-scu>100</act:commodity-scu>
      <act:slots>
        <slot>
          <slot:key>placeholder</slot:key>
          <slot:value type="string">false</slot:value>
        </slot>
        <slot>
          <slot:key>favorite</slot:key>
          <slot:value type="string">false</slot:value>
        </slot>
      </act:slots>
      <act:parent type="guid">0ae5c84ccb110bafc6ce02b58f02094e</act:parent>
    </gnc:account>
    <gnc:account version="2.0.0">
      <act:name>Kottakkal Women's Poly Seminars, Printing Works</act:name>
      <act:id type="guid">67c146f534905a94afd0c03bc0fed1d4</act:id>
      <act:type>EXPENSE</act:type>
      <act:commodity>
        <cmdty:space>ISO4217</cmdty:space>
        <cmdty:id>INR</cmdty:id>
      </act:commodity>
      <act:commodity-scu>100</act:commodity-scu>
      <act:slots>
        <slot>
          <slot:key>placeholder</slot:key>
          <slot:value type="string">false</slot:value>
        </slot>
        <slot>
          <slot:key>favorite</slot:key>
          <slot:value type="string">false</slot:value>
        </slot>
      </act:slots>
      <act:parent type="guid">4864d832209299f517f164601fbce0ec</act:parent>
    </gnc:account>
    <gnc:account version="2.0.0">
      <act:name>Transportation</act:name>
      <act:id type="guid">6266f183432b487f34745722e7f60017</act:id>
      <act:type>EXPENSE</act:type>
      <act:commodity>
        <cmdty:space>ISO4217</cmdty:space>
        <cmdty:id>INR</cmdty:id>
      </act:commodity>
      <act:commodity-scu>100</act:commodity-scu>
      <act:slots>
        <slot>
          <slot:key>placeholder</slot:key>
          <slot:value type="string">false</slot:value>
        </slot>
        <slot>
          <slot:key>favorite</slot:key>
          <slot:value type="string">false</slot:value>
        </slot>
      </act:slots>
      <act:parent type="guid">4864d832209299f517f164601fbce0ec</act:parent>
    </gnc:account>
    <gnc:account version="2.0.0">
      <act:name>Public</act:name>
      <act:id type="guid">fb32b91f0be92fd3d7aad1b0f768d774</act:id>
      <act:type>EXPENSE</act:type>
      <act:commodity>
        <cmdty:space>ISO4217</cmdty:space>
        <cmdty:id>INR</cmdty:id>
      </act:commodity>
      <act:commodity-scu>100</act:commodity-scu>
      <act:slots>
        <slot>
          <slot:key>placeholder</slot:key>
          <slot:value type="string">false</slot:value>
        </slot>
        <slot>
          <slot:key>favorite</slot:key>
          <slot:value type="string">false</slot:value>
        </slot>
      </act:slots>
      <act:parent type="guid">6266f183432b487f34745722e7f60017</act:parent>
    </gnc:account>
    <gnc:account version="2.0.0">
      <act:name>Auto Fair, Prism Studio &amp; Book Stall, Thekkumuri, Tirur</act:name>
      <act:id type="guid">c141e17a6d71672c1c6751c8ffbe7f51</act:id>
      <act:type>EXPENSE</act:type>
      <act:commodity>
        <cmdty:space>ISO4217</cmdty:space>
        <cmdty:id>INR</cmdty:id>
      </act:commodity>
      <act:commodity-scu>100</act:commodity-scu>
      <act:slots>
        <slot>
          <slot:key>placeholder</slot:key>
          <slot:value type="string">false</slot:value>
        </slot>
        <slot>
          <slot:key>favorite</slot:key>
          <slot:value type="string">false</slot:value>
        </slot>
      </act:slots>
      <act:parent type="guid">fb32b91f0be92fd3d7aad1b0f768d774</act:parent>
    </gnc:account>
    <gnc:account version="2.0.0">
      <act:name>Bus Fair</act:name>
      <act:id type="guid">1ece981e381062a70b7d83c677e255d5</act:id>
      <act:type>EXPENSE</act:type>
      <act:commodity>
        <cmdty:space>ISO4217</cmdty:space>
        <cmdty:id>INR</cmdty:id>
      </act:commodity>
      <act:commodity-scu>100</act:commodity-scu>
      <act:slots>
        <slot>
          <slot:key>placeholder</slot:key>
          <slot:value type="string">true</slot:value>
        </slot>
        <slot>
          <slot:key>favorite</slot:key>
          <slot:value type="string">false</slot:value>
        </slot>
      </act:slots>
      <act:parent type="guid">fb32b91f0be92fd3d7aad1b0f768d774</act:parent>
    </gnc:account>
    <gnc:account version="2.0.0">
      <act:name>Muhsin Mohammed PC Eazhur Home</act:name>
      <act:id type="guid">d1b53e18c80108a546502aeb7157c61e</act:id>
      <act:type>EXPENSE</act:type>
      <act:commodity>
        <cmdty:space>ISO4217</cmdty:space>
        <cmdty:id>INR</cmdty:id>
      </act:commodity>
      <act:commodity-scu>100</act:commodity-scu>
      <act:slots>
        <slot>
          <slot:key>placeholder</slot:key>
          <slot:value type="string">false</slot:value>
        </slot>
        <slot>
          <slot:key>favorite</slot:key>
          <slot:value type="string">false</slot:value>
        </slot>
      </act:slots>
      <act:parent type="guid">1ece981e381062a70b7d83c677e255d5</act:parent>
    </gnc:account>
    <gnc:account version="2.0.0">
      <act:name>Prism Studio &amp; Book Stall, Thekkumuri, Tirur</act:name>
      <act:id type="guid">de0aca72802cabd1de3fdd005d3cc47f</act:id>
      <act:type>EXPENSE</act:type>
      <act:commodity>
        <cmdty:space>ISO4217</cmdty:space>
        <cmdty:id>INR</cmdty:id>
      </act:commodity>
      <act:commodity-scu>100</act:commodity-scu>
      <act:slots>
        <slot>
          <slot:key>placeholder</slot:key>
          <slot:value type="string">false</slot:value>
        </slot>
        <slot>
          <slot:key>favorite</slot:key>
          <slot:value type="string">false</slot:value>
        </slot>
      </act:slots>
      <act:parent type="guid">1ece981e381062a70b7d83c677e255d5</act:parent>
    </gnc:account>
    <gnc:account version="2.0.0">
      <act:name>Project Guidance</act:name>
      <act:id type="guid">4c461aff7b79e543d062af025af30a71</act:id>
      <act:type>EXPENSE</act:type>
      <act:commodity>
        <cmdty:space>ISO4217</cmdty:space>
        <cmdty:id>INR</cmdty:id>
      </act:commodity>
      <act:commodity-scu>100</act:commodity-scu>
      <act:slots>
        <slot>
          <slot:key>placeholder</slot:key>
          <slot:value type="string">true</slot:value>
        </slot>
        <slot>
          <slot:key>favorite</slot:key>
          <slot:value type="string">false</slot:value>
        </slot>
      </act:slots>
      <act:parent type="guid">1ece981e381062a70b7d83c677e255d5</act:parent>
    </gnc:account>
    <gnc:account version="2.0.0">
      <act:name>2016-17, Poly 3 Year Diploma</act:name>
      <act:id type="guid">f181b6567a1bdb9ab373a4b2412c9c41</act:id>
      <act:type>EXPENSE</act:type>
      <act:commodity>
        <cmdty:space>ISO4217</cmdty:space>
        <cmdty:id>INR</cmdty:id>
      </act:commodity>
      <act:commodity-scu>100</act:commodity-scu>
      <act:slots>
        <slot>
          <slot:key>placeholder</slot:key>
          <slot:value type="string">true</slot:value>
        </slot>
        <slot>
          <slot:key>favorite</slot:key>
          <slot:value type="string">false</slot:value>
        </slot>
      </act:slots>
      <act:parent type="guid">4c461aff7b79e543d062af025af30a71</act:parent>
    </gnc:account>
    <gnc:account version="2.0.0">
      <act:name>Main Project, SSM Poly, Jijith &amp; Ramees Team</act:name>
      <act:id type="guid">156dffaa18f578945a4ae1d2ab06cd2f</act:id>
      <act:type>EXPENSE</act:type>
      <act:commodity>
        <cmdty:space>ISO4217</cmdty:space>
        <cmdty:id>INR</cmdty:id>
      </act:commodity>
      <act:commodity-scu>100</act:commodity-scu>
      <act:slots>
        <slot>
          <slot:key>placeholder</slot:key>
          <slot:value type="string">false</slot:value>
        </slot>
        <slot>
          <slot:key>favorite</slot:key>
          <slot:value type="string">false</slot:value>
        </slot>
      </act:slots>
      <act:parent type="guid">f181b6567a1bdb9ab373a4b2412c9c41</act:parent>
    </gnc:account>
    <gnc:account version="2.0.0">
      <act:name>Main Project, SSM Poly, Vakif &amp; Sanoop Team</act:name>
      <act:id type="guid">e814d51daa310683e3f22f23ca92db27</act:id>
      <act:type>EXPENSE</act:type>
      <act:commodity>
        <cmdty:space>ISO4217</cmdty:space>
        <cmdty:id>INR</cmdty:id>
      </act:commodity>
      <act:commodity-scu>100</act:commodity-scu>
      <act:slots>
        <slot>
          <slot:key>placeholder</slot:key>
          <slot:value type="string">false</slot:value>
        </slot>
        <slot>
          <slot:key>favorite</slot:key>
          <slot:value type="string">false</slot:value>
        </slot>
      </act:slots>
      <act:parent type="guid">f181b6567a1bdb9ab373a4b2412c9c41</act:parent>
    </gnc:account>
    <gnc:account version="2.0.0">
      <act:name>Mini Project, 2nd Year, SSM Poly Tirur</act:name>
      <act:id type="guid">8e77d917c01810d6ebfac62adedc9f73</act:id>
      <act:type>EXPENSE</act:type>
      <act:commodity>
        <cmdty:space>ISO4217</cmdty:space>
        <cmdty:id>INR</cmdty:id>
      </act:commodity>
      <act:commodity-scu>100</act:commodity-scu>
      <act:slots>
        <slot>
          <slot:key>placeholder</slot:key>
          <slot:value type="string">false</slot:value>
        </slot>
        <slot>
          <slot:key>favorite</slot:key>
          <slot:value type="string">false</slot:value>
        </slot>
      </act:slots>
      <act:parent type="guid">f181b6567a1bdb9ab373a4b2412c9c41</act:parent>
    </gnc:account>
    <gnc:account version="2.0.0">
      <act:name>PGDCA, ISIT Computer College, Kottakkal, Rasheeda</act:name>
      <act:id type="guid">d76ca456af3c613e58bead7627d90991</act:id>
      <act:type>EXPENSE</act:type>
      <act:commodity>
        <cmdty:space>ISO4217</cmdty:space>
        <cmdty:id>INR</cmdty:id>
      </act:commodity>
      <act:commodity-scu>100</act:commodity-scu>
      <act:slots>
        <slot>
          <slot:key>placeholder</slot:key>
          <slot:value type="string">false</slot:value>
        </slot>
        <slot>
          <slot:key>favorite</slot:key>
          <slot:value type="string">false</slot:value>
        </slot>
      </act:slots>
      <act:parent type="guid">4c461aff7b79e543d062af025af30a71</act:parent>
    </gnc:account>
    <gnc:account version="2.0.0">
      <act:name>Income</act:name>
      <act:id type="guid">1f2f1ecf4a12372013abb63d30ccf42c</act:id>
      <act:type>INCOME</act:type>
      <act:commodity>
        <cmdty:space>ISO4217</cmdty:space>
        <cmdty:id>INR</cmdty:id>
      </act:commodity>
      <act:commodity-scu>100</act:commodity-scu>
      <act:slots>
        <slot>
          <slot:key>placeholder</slot:key>
          <slot:value type="string">true</slot:value>
        </slot>
        <slot>
          <slot:key>favorite</slot:key>
          <slot:value type="string">false</slot:value>
        </slot>
      </act:slots>
      <act:parent type="guid">e33dd4329dae18333a116bc9e6183549</act:parent>
    </gnc:account>
    <gnc:account version="2.0.0">
      <act:name>Account Bonus</act:name>
      <act:id type="guid">857096ab8ac93806b5f6a178d4456199</act:id>
      <act:type>INCOME</act:type>
      <act:commodity>
        <cmdty:space>ISO4217</cmdty:space>
        <cmdty:id>INR</cmdty:id>
      </act:commodity>
      <act:commodity-scu>100</act:commodity-scu>
      <act:slots>
        <slot>
          <slot:key>placeholder</slot:key>
          <slot:value type="string">false</slot:value>
        </slot>
        <slot>
          <slot:key>favorite</slot:key>
          <slot:value type="string">false</slot:value>
        </slot>
      </act:slots>
      <act:parent type="guid">1f2f1ecf4a12372013abb63d30ccf42c</act:parent>
    </gnc:account>
    <gnc:account version="2.0.0">
      <act:name>Interest, Savings Accounts, Punjab National Bank, Tirur</act:name>
      <act:id type="guid">f6a9f277d5882fe16a6aa946adc2978e</act:id>
      <act:type>INCOME</act:type>
      <act:commodity>
        <cmdty:space>ISO4217</cmdty:space>
        <cmdty:id>INR</cmdty:id>
      </act:commodity>
      <act:commodity-scu>100</act:commodity-scu>
      <act:slots>
        <slot>
          <slot:key>placeholder</slot:key>
          <slot:value type="string">false</slot:value>
        </slot>
        <slot>
          <slot:key>favorite</slot:key>
          <slot:value type="string">false</slot:value>
        </slot>
      </act:slots>
      <act:parent type="guid">1f2f1ecf4a12372013abb63d30ccf42c</act:parent>
    </gnc:account>
    <gnc:account version="2.0.0">
      <act:name>Liabilities, Credits</act:name>
      <act:id type="guid">2f532eebd2cc218c0fdd30ce475819d5</act:id>
      <act:type>LIABILITY</act:type>
      <act:commodity>
        <cmdty:space>ISO4217</cmdty:space>
        <cmdty:id>INR</cmdty:id>
      </act:commodity>
      <act:commodity-scu>100</act:commodity-scu>
      <act:slots>
        <slot>
          <slot:key>placeholder</slot:key>
          <slot:value type="string">true</slot:value>
        </slot>
        <slot>
          <slot:key>favorite</slot:key>
          <slot:value type="string">false</slot:value>
        </slot>
      </act:slots>
      <act:parent type="guid">e33dd4329dae18333a116bc9e6183549</act:parent>
    </gnc:account>
    <gnc:account version="2.0.0">
      <act:name>IV Extra Expense Fund Collection</act:name>
      <act:id type="guid">33230e803cc040c2863b748598de6b74</act:id>
      <act:type>LIABILITY</act:type>
      <act:commodity>
        <cmdty:space>ISO4217</cmdty:space>
        <cmdty:id>INR</cmdty:id>
      </act:commodity>
      <act:commodity-scu>100</act:commodity-scu>
      <act:slots>
        <slot>
          <slot:key>placeholder</slot:key>
          <slot:value type="string">false</slot:value>
        </slot>
        <slot>
          <slot:key>favorite</slot:key>
          <slot:value type="string">false</slot:value>
        </slot>
      </act:slots>
      <act:parent type="guid">2f532eebd2cc218c0fdd30ce475819d5</act:parent>
    </gnc:account>
    <gnc:account version="2.0.0">
      <act:name>Ismail K Banee Ishaque K Father</act:name>
      <act:id type="guid">88033ba35de8445388f8a85fb6399226</act:id>
      <act:type>LIABILITY</act:type>
      <act:commodity>
        <cmdty:space>ISO4217</cmdty:space>
        <cmdty:id>INR</cmdty:id>
      </act:commodity>
      <act:commodity-scu>100</act:commodity-scu>
      <act:slots>
        <slot>
          <slot:key>placeholder</slot:key>
          <slot:value type="string">false</slot:value>
        </slot>
        <slot>
          <slot:key>favorite</slot:key>
          <slot:value type="string">false</slot:value>
        </slot>
      </act:slots>
      <act:parent type="guid">2f532eebd2cc218c0fdd30ce475819d5</act:parent>
    </gnc:account>
    <gnc:account version="2.0.0">
      <act:name>Jameelathatha Neighbour Jaram</act:name>
      <act:id type="guid">ca1d833948f315b2a55aa2fc0d790b51</act:id>
      <act:type>LIABILITY</act:type>
      <act:commodity>
        <cmdty:space>ISO4217</cmdty:space>
        <cmdty:id>INR</cmdty:id>
      </act:commodity>
      <act:commodity-scu>100</act:commodity-scu>
      <act:slots>
        <slot>
          <slot:key>placeholder</slot:key>
          <slot:value type="string">false</slot:value>
        </slot>
        <slot>
          <slot:key>favorite</slot:key>
          <slot:value type="string">false</slot:value>
        </slot>
      </act:slots>
      <act:parent type="guid">2f532eebd2cc218c0fdd30ce475819d5</act:parent>
    </gnc:account>
    <gnc:account version="2.0.0">
      <act:name>Manaf/Anwar Sadique Pakara</act:name>
      <act:id type="guid">457c6ffb40056455597b2fd48d78af3f</act:id>
      <act:type>LIABILITY</act:type>
      <act:commodity>
        <cmdty:space>ISO4217</cmdty:space>
        <cmdty:id>INR</cmdty:id>
      </act:commodity>
      <act:commodity-scu>100</act:commodity-scu>
      <act:slots>
        <slot>
          <slot:key>placeholder</slot:key>
          <slot:value type="string">false</slot:value>
        </slot>
        <slot>
          <slot:key>favorite</slot:key>
          <slot:value type="string">false</slot:value>
        </slot>
      </act:slots>
      <act:parent type="guid">2f532eebd2cc218c0fdd30ce475819d5</act:parent>
    </gnc:account>
    <gnc:account version="2.0.0">
      <act:name>Naqeeb Abdul Gafoor Peringodan, Paravanoor</act:name>
      <act:id type="guid">44b2096f67db873a985f25306d309dd3</act:id>
      <act:type>LIABILITY</act:type>
      <act:commodity>
        <cmdty:space>ISO4217</cmdty:space>
        <cmdty:id>INR</cmdty:id>
      </act:commodity>
      <act:commodity-scu>100</act:commodity-scu>
      <act:slots>
        <slot>
          <slot:key>placeholder</slot:key>
          <slot:value type="string">false</slot:value>
        </slot>
        <slot>
          <slot:key>favorite</slot:key>
          <slot:value type="string">true</slot:value>
        </slot>
      </act:slots>
      <act:parent type="guid">2f532eebd2cc218c0fdd30ce475819d5</act:parent>
    </gnc:account>
    <gnc:account version="2.0.0">
      <act:name>Sai Krishna S 5 CS CCET Valanchery</act:name>
      <act:id type="guid">65f24c0b738c4c2fbf9c6d208afdd593</act:id>
      <act:type>LIABILITY</act:type>
      <act:commodity>
        <cmdty:space>ISO4217</cmdty:space>
        <cmdty:id>INR</cmdty:id>
      </act:commodity>
      <act:commodity-scu>100</act:commodity-scu>
      <act:slots>
        <slot>
          <slot:key>placeholder</slot:key>
          <slot:value type="string">false</slot:value>
        </slot>
        <slot>
          <slot:key>favorite</slot:key>
          <slot:value type="string">false</slot:value>
        </slot>
      </act:slots>
      <act:parent type="guid">2f532eebd2cc218c0fdd30ce475819d5</act:parent>
    </gnc:account>
    <gnc:account version="2.0.0">
      <act:name>Samad, Prism Studio &amp; Book Stall, Thekkumuri, Tirur</act:name>
      <act:id type="guid">7feb05a2a1f9ab4b36bace70a3286a82</act:id>
      <act:type>LIABILITY</act:type>
      <act:commodity>
        <cmdty:space>ISO4217</cmdty:space>
        <cmdty:id>INR</cmdty:id>
      </act:commodity>
      <act:commodity-scu>100</act:commodity-scu>
      <act:slots>
        <slot>
          <slot:key>placeholder</slot:key>
          <slot:value type="string">false</slot:value>
        </slot>
        <slot>
          <slot:key>favorite</slot:key>
          <slot:value type="string">false</slot:value>
        </slot>
      </act:slots>
      <act:parent type="guid">2f532eebd2cc218c0fdd30ce475819d5</act:parent>
    </gnc:account>
    <gnc:account version="2.0.0">
      <act:name>Receivable Assets</act:name>
      <act:id type="guid">a6971d1905f81a893df728a4012c97c2</act:id>
      <act:type>RECEIVABLE</act:type>
      <act:commodity>
        <cmdty:space>ISO4217</cmdty:space>
        <cmdty:id>INR</cmdty:id>
      </act:commodity>
      <act:commodity-scu>100</act:commodity-scu>
      <act:slots>
        <slot>
          <slot:key>placeholder</slot:key>
          <slot:value type="string">true</slot:value>
        </slot>
        <slot>
          <slot:key>favorite</slot:key>
          <slot:value type="string">false</slot:value>
        </slot>
      </act:slots>
      <act:parent type="guid">e33dd4329dae18333a116bc9e6183549</act:parent>
    </gnc:account>
    <gnc:account version="2.0.0">
      <act:name>Commission Works, Laptop Repair, Positive Computers, Sharafu Kaka Lottery System - Display Replacements</act:name>
      <act:id type="guid">3f7e2637c9d7d221170f00b63a693b7e</act:id>
      <act:type>RECEIVABLE</act:type>
      <act:commodity>
        <cmdty:space>ISO4217</cmdty:space>
        <cmdty:id>INR</cmdty:id>
      </act:commodity>
      <act:commodity-scu>100</act:commodity-scu>
      <act:slots>
        <slot>
          <slot:key>placeholder</slot:key>
          <slot:value type="string">false</slot:value>
        </slot>
        <slot>
          <slot:key>favorite</slot:key>
          <slot:value type="string">false</slot:value>
        </slot>
      </act:slots>
      <act:parent type="guid">a6971d1905f81a893df728a4012c97c2</act:parent>
    </gnc:account>
    <gnc:account version="2.0.0">
      <act:name>Design Project Works</act:name>
      <act:id type="guid">7bf6eb5963214fdd88008c54ca46e96d</act:id>
      <act:type>RECEIVABLE</act:type>
      <act:commodity>
        <cmdty:space>ISO4217</cmdty:space>
        <cmdty:id>INR</cmdty:id>
      </act:commodity>
      <act:commodity-scu>100</act:commodity-scu>
      <act:slots>
        <slot>
          <slot:key>placeholder</slot:key>
          <slot:value type="string">false</slot:value>
        </slot>
        <slot>
          <slot:key>favorite</slot:key>
          <slot:value type="string">false</slot:value>
        </slot>
      </act:slots>
      <act:parent type="guid">a6971d1905f81a893df728a4012c97c2</act:parent>
    </gnc:account>
    <gnc:account version="2.0.0">
      <act:name>Misc., EDC</act:name>
      <act:id type="guid">d5aeae2a6ac374a9951d24cebc7bf788</act:id>
      <act:type>RECEIVABLE</act:type>
      <act:commodity>
        <cmdty:space>ISO4217</cmdty:space>
        <cmdty:id>INR</cmdty:id>
      </act:commodity>
      <act:commodity-scu>100</act:commodity-scu>
      <act:slots>
        <slot>
          <slot:key>placeholder</slot:key>
          <slot:value type="string">true</slot:value>
        </slot>
        <slot>
          <slot:key>favorite</slot:key>
          <slot:value type="string">false</slot:value>
        </slot>
      </act:slots>
      <act:parent type="guid">a6971d1905f81a893df728a4012c97c2</act:parent>
    </gnc:account>
    <gnc:account version="2.0.0">
      <act:name>E-Labs, Introduction to Github Repository</act:name>
      <act:id type="guid">a6b77476176da240ade63c515c94be2c</act:id>
      <act:type>RECEIVABLE</act:type>
      <act:commodity>
        <cmdty:space>ISO4217</cmdty:space>
        <cmdty:id>INR</cmdty:id>
      </act:commodity>
      <act:commodity-scu>100</act:commodity-scu>
      <act:slots>
        <slot>
          <slot:key>placeholder</slot:key>
          <slot:value type="string">true</slot:value>
        </slot>
        <slot>
          <slot:key>favorite</slot:key>
          <slot:value type="string">false</slot:value>
        </slot>
      </act:slots>
      <act:parent type="guid">d5aeae2a6ac374a9951d24cebc7bf788</act:parent>
    </gnc:account>
    <gnc:account version="2.0.0">
      <act:name>Food</act:name>
      <act:id type="guid">3adf55f1405e0fc2eea6e38ebaa661a7</act:id>
      <act:type>RECEIVABLE</act:type>
      <act:commodity>
        <cmdty:space>ISO4217</cmdty:space>
        <cmdty:id>INR</cmdty:id>
      </act:commodity>
      <act:commodity-scu>100</act:commodity-scu>
      <act:slots>
        <slot>
          <slot:key>placeholder</slot:key>
          <slot:value type="string">true</slot:value>
        </slot>
        <slot>
          <slot:key>favorite</slot:key>
          <slot:value type="string">false</slot:value>
        </slot>
      </act:slots>
      <act:parent type="guid">a6b77476176da240ade63c515c94be2c</act:parent>
    </gnc:account>
    <gnc:account version="2.0.0">
      <act:name>Lunch</act:name>
      <act:id type="guid">c19c3cf57ab7bda36f5820e9e63ef2fe</act:id>
      <act:type>RECEIVABLE</act:type>
      <act:commodity>
        <cmdty:space>ISO4217</cmdty:space>
        <cmdty:id>INR</cmdty:id>
      </act:commodity>
      <act:commodity-scu>100</act:commodity-scu>
      <act:slots>
        <slot>
          <slot:key>placeholder</slot:key>
          <slot:value type="string">false</slot:value>
        </slot>
        <slot>
          <slot:key>favorite</slot:key>
          <slot:value type="string">false</slot:value>
        </slot>
      </act:slots>
      <act:parent type="guid">3adf55f1405e0fc2eea6e38ebaa661a7</act:parent>
    </gnc:account>
    <gnc:account version="2.0.0">
      <act:name>Snacks</act:name>
      <act:id type="guid">61a27f9d28d19864e8299e572f9f1b42</act:id>
      <act:type>RECEIVABLE</act:type>
      <act:commodity>
        <cmdty:space>ISO4217</cmdty:space>
        <cmdty:id>INR</cmdty:id>
      </act:commodity>
      <act:commodity-scu>100</act:commodity-scu>
      <act:slots>
        <slot>
          <slot:key>placeholder</slot:key>
          <slot:value type="string">false</slot:value>
        </slot>
        <slot>
          <slot:key>favorite</slot:key>
          <slot:value type="string">false</slot:value>
        </slot>
      </act:slots>
      <act:parent type="guid">3adf55f1405e0fc2eea6e38ebaa661a7</act:parent>
    </gnc:account>
    <gnc:account version="2.0.0">
      <act:name>Transporation, Public, Bus Fair</act:name>
      <act:id type="guid">08cbc98c2699d9f93ce681ec98953f8d</act:id>
      <act:type>RECEIVABLE</act:type>
      <act:commodity>
        <cmdty:space>ISO4217</cmdty:space>
        <cmdty:id>INR</cmdty:id>
      </act:commodity>
      <act:commodity-scu>100</act:commodity-scu>
      <act:slots>
        <slot>
          <slot:key>placeholder</slot:key>
          <slot:value type="string">false</slot:value>
        </slot>
        <slot>
          <slot:key>favorite</slot:key>
          <slot:value type="string">false</slot:value>
        </slot>
      </act:slots>
      <act:parent type="guid">a6b77476176da240ade63c515c94be2c</act:parent>
    </gnc:account>
    <gnc:account version="2.0.0">
      <act:name>Excellencia 17 - MES Kuttippuram</act:name>
      <act:id type="guid">d5e6303dd125f51c8ce2f654d679cfcc</act:id>
      <act:type>RECEIVABLE</act:type>
      <act:commodity>
        <cmdty:space>ISO4217</cmdty:space>
        <cmdty:id>INR</cmdty:id>
      </act:commodity>
      <act:commodity-scu>100</act:commodity-scu>
      <act:slots>
        <slot>
          <slot:key>placeholder</slot:key>
          <slot:value type="string">false</slot:value>
        </slot>
        <slot>
          <slot:key>favorite</slot:key>
          <slot:value type="string">false</slot:value>
        </slot>
      </act:slots>
      <act:parent type="guid">d5aeae2a6ac374a9951d24cebc7bf788</act:parent>
    </gnc:account>
    <gnc:account version="2.0.0">
      <act:name>Food, Snacks</act:name>
      <act:id type="guid">3ea823b34de9e2a2843acb3001869e5d</act:id>
      <act:type>RECEIVABLE</act:type>
      <act:commodity>
        <cmdty:space>ISO4217</cmdty:space>
        <cmdty:id>INR</cmdty:id>
      </act:commodity>
      <act:commodity-scu>100</act:commodity-scu>
      <act:slots>
        <slot>
          <slot:key>placeholder</slot:key>
          <slot:value type="string">false</slot:value>
        </slot>
        <slot>
          <slot:key>favorite</slot:key>
          <slot:value type="string">false</slot:value>
        </slot>
      </act:slots>
      <act:parent type="guid">d5e6303dd125f51c8ce2f654d679cfcc</act:parent>
    </gnc:account>
    <gnc:account version="2.0.0">
      <act:name>Transporation, Public, Bus Fair</act:name>
      <act:id type="guid">e6eb20cea24f78b34a23a8e9c4b63785</act:id>
      <act:type>RECEIVABLE</act:type>
      <act:commodity>
        <cmdty:space>ISO4217</cmdty:space>
        <cmdty:id>INR</cmdty:id>
      </act:commodity>
      <act:commodity-scu>100</act:commodity-scu>
      <act:slots>
        <slot>
          <slot:key>placeholder</slot:key>
          <slot:value type="string">false</slot:value>
        </slot>
        <slot>
          <slot:key>favorite</slot:key>
          <slot:value type="string">false</slot:value>
        </slot>
      </act:slots>
      <act:parent type="guid">d5e6303dd125f51c8ce2f654d679cfcc</act:parent>
    </gnc:account>
    <gnc:account version="2.0.0">
      <act:name>Web Application Development using Laravel Workshop with Git Repository - 2 Days Workshop - MES Kuttippuram, Transporation, Public, Bus Fair</act:name>
      <act:id type="guid">a78436c4e6862e8b8b8181f866235e73</act:id>
      <act:type>RECEIVABLE</act:type>
      <act:commodity>
        <cmdty:space>ISO4217</cmdty:space>
        <cmdty:id>INR</cmdty:id>
      </act:commodity>
      <act:commodity-scu>100</act:commodity-scu>
      <act:slots>
        <slot>
          <slot:key>placeholder</slot:key>
          <slot:value type="string">false</slot:value>
        </slot>
        <slot>
          <slot:key>favorite</slot:key>
          <slot:value type="string">false</slot:value>
        </slot>
      </act:slots>
      <act:parent type="guid">d5aeae2a6ac374a9951d24cebc7bf788</act:parent>
    </gnc:account>
    <gnc:account version="2.0.0">
      <act:name>People Debits</act:name>
      <act:id type="guid">1c1e6c38314d9272bcbeeef272dba585</act:id>
      <act:type>RECEIVABLE</act:type>
      <act:commodity>
        <cmdty:space>ISO4217</cmdty:space>
        <cmdty:id>INR</cmdty:id>
      </act:commodity>
      <act:commodity-scu>100</act:commodity-scu>
      <act:slots>
        <slot>
          <slot:key>placeholder</slot:key>
          <slot:value type="string">true</slot:value>
        </slot>
        <slot>
          <slot:key>favorite</slot:key>
          <slot:value type="string">false</slot:value>
        </slot>
      </act:slots>
      <act:parent type="guid">a6971d1905f81a893df728a4012c97c2</act:parent>
    </gnc:account>
    <gnc:account version="2.0.0">
      <act:name>Aflah S 4 CS CCET Valanchery</act:name>
      <act:id type="guid">85418ce9b06bb61c68b6e93462c2d396</act:id>
      <act:type>RECEIVABLE</act:type>
      <act:commodity>
        <cmdty:space>ISO4217</cmdty:space>
        <cmdty:id>INR</cmdty:id>
      </act:commodity>
      <act:commodity-scu>100</act:commodity-scu>
      <act:slots>
        <slot>
          <slot:key>placeholder</slot:key>
          <slot:value type="string">false</slot:value>
        </slot>
        <slot>
          <slot:key>favorite</slot:key>
          <slot:value type="string">false</slot:value>
        </slot>
      </act:slots>
      <act:parent type="guid">1c1e6c38314d9272bcbeeef272dba585</act:parent>
    </gnc:account>
    <gnc:account version="2.0.0">
      <act:name>Ajmal S 5 CS CCET Valanchery</act:name>
      <act:id type="guid">68df8f480ef980cda64a10298374fea5</act:id>
      <act:type>RECEIVABLE</act:type>
      <act:commodity>
        <cmdty:space>ISO4217</cmdty:space>
        <cmdty:id>INR</cmdty:id>
      </act:commodity>
      <act:commodity-scu>100</act:commodity-scu>
      <act:slots>
        <slot>
          <slot:key>placeholder</slot:key>
          <slot:value type="string">false</slot:value>
        </slot>
        <slot>
          <slot:key>favorite</slot:key>
          <slot:value type="string">false</slot:value>
        </slot>
      </act:slots>
      <act:parent type="guid">1c1e6c38314d9272bcbeeef272dba585</act:parent>
    </gnc:account>
    <gnc:account version="2.0.0">
      <act:name>Akhil S 4 CS CCET Valanchery</act:name>
      <act:id type="guid">331b8900c72ddd7b7725b1372e50d57c</act:id>
      <act:type>RECEIVABLE</act:type>
      <act:commodity>
        <cmdty:space>ISO4217</cmdty:space>
        <cmdty:id>INR</cmdty:id>
      </act:commodity>
      <act:commodity-scu>100</act:commodity-scu>
      <act:slots>
        <slot>
          <slot:key>placeholder</slot:key>
          <slot:value type="string">false</slot:value>
        </slot>
        <slot>
          <slot:key>favorite</slot:key>
          <slot:value type="string">false</slot:value>
        </slot>
      </act:slots>
      <act:parent type="guid">1c1e6c38314d9272bcbeeef272dba585</act:parent>
    </gnc:account>
    <gnc:account version="2.0.0">
      <act:name>Athif Mohammed, Conut Co-Works</act:name>
      <act:id type="guid">f33858f615e93a7782966d8a47309093</act:id>
      <act:type>RECEIVABLE</act:type>
      <act:commodity>
        <cmdty:space>ISO4217</cmdty:space>
        <cmdty:id>INR</cmdty:id>
      </act:commodity>
      <act:commodity-scu>100</act:commodity-scu>
      <act:slots>
        <slot>
          <slot:key>placeholder</slot:key>
          <slot:value type="string">false</slot:value>
        </slot>
        <slot>
          <slot:key>favorite</slot:key>
          <slot:value type="string">false</slot:value>
        </slot>
      </act:slots>
      <act:parent type="guid">1c1e6c38314d9272bcbeeef272dba585</act:parent>
    </gnc:account>
    <gnc:account version="2.0.0">
      <act:name>Bari S 5 CS CCET Valanchery</act:name>
      <act:id type="guid">b6a286fdffd7469b9837847a6562e91a</act:id>
      <act:type>RECEIVABLE</act:type>
      <act:commodity>
        <cmdty:space>ISO4217</cmdty:space>
        <cmdty:id>INR</cmdty:id>
      </act:commodity>
      <act:commodity-scu>100</act:commodity-scu>
      <act:slots>
        <slot>
          <slot:key>placeholder</slot:key>
          <slot:value type="string">false</slot:value>
        </slot>
        <slot>
          <slot:key>favorite</slot:key>
          <slot:value type="string">false</slot:value>
        </slot>
      </act:slots>
      <act:parent type="guid">1c1e6c38314d9272bcbeeef272dba585</act:parent>
    </gnc:account>
    <gnc:account version="2.0.0">
      <act:name>Favas S 5 CS CCET Valanchery</act:name>
      <act:id type="guid">b997e59804ef346b43af4f91e454c09e</act:id>
      <act:type>RECEIVABLE</act:type>
      <act:commodity>
        <cmdty:space>ISO4217</cmdty:space>
        <cmdty:id>INR</cmdty:id>
      </act:commodity>
      <act:commodity-scu>100</act:commodity-scu>
      <act:slots>
        <slot>
          <slot:key>placeholder</slot:key>
          <slot:value type="string">false</slot:value>
        </slot>
        <slot>
          <slot:key>favorite</slot:key>
          <slot:value type="string">false</slot:value>
        </slot>
      </act:slots>
      <act:parent type="guid">1c1e6c38314d9272bcbeeef272dba585</act:parent>
    </gnc:account>
    <gnc:account version="2.0.0">
      <act:name>Hajara Beegam PV Mother Banee Ishaque K</act:name>
      <act:id type="guid">10e660936d17107c0335fff3f3034ec9</act:id>
      <act:type>RECEIVABLE</act:type>
      <act:commodity>
        <cmdty:space>ISO4217</cmdty:space>
        <cmdty:id>INR</cmdty:id>
      </act:commodity>
      <act:commodity-scu>100</act:commodity-scu>
      <act:slots>
        <slot>
          <slot:key>placeholder</slot:key>
          <slot:value type="string">false</slot:value>
        </slot>
        <slot>
          <slot:key>favorite</slot:key>
          <slot:value type="string">false</slot:value>
        </slot>
      </act:slots>
      <act:parent type="guid">1c1e6c38314d9272bcbeeef272dba585</act:parent>
    </gnc:account>
    <gnc:account version="2.0.0">
      <act:name>Immutty, Mimoonathatha, Ayalvasi, Jaram</act:name>
      <act:id type="guid">029c9a17f01bcb8c7f2f6be3df29d050</act:id>
      <act:type>RECEIVABLE</act:type>
      <act:commodity>
        <cmdty:space>ISO4217</cmdty:space>
        <cmdty:id>INR</cmdty:id>
      </act:commodity>
      <act:commodity-scu>100</act:commodity-scu>
      <act:slots>
        <slot>
          <slot:key>placeholder</slot:key>
          <slot:value type="string">false</slot:value>
        </slot>
        <slot>
          <slot:key>favorite</slot:key>
          <slot:value type="string">false</slot:value>
        </slot>
      </act:slots>
      <act:parent type="guid">1c1e6c38314d9272bcbeeef272dba585</act:parent>
    </gnc:account>
    <gnc:account version="2.0.0">
      <act:name>Ismail K Father Banee Ishaque K</act:name>
      <act:id type="guid">d489633171660fde26526761854b20ba</act:id>
      <act:type>RECEIVABLE</act:type>
      <act:commodity>
        <cmdty:space>ISO4217</cmdty:space>
        <cmdty:id>INR</cmdty:id>
      </act:commodity>
      <act:commodity-scu>100</act:commodity-scu>
      <act:slots>
        <slot>
          <slot:key>placeholder</slot:key>
          <slot:value type="string">false</slot:value>
        </slot>
        <slot>
          <slot:key>favorite</slot:key>
          <slot:value type="string">false</slot:value>
        </slot>
      </act:slots>
      <act:parent type="guid">1c1e6c38314d9272bcbeeef272dba585</act:parent>
    </gnc:account>
    <gnc:account version="2.0.0">
      <act:name>Manaf Pakara</act:name>
      <act:id type="guid">171645d83a934912be02f609e555d6a1</act:id>
      <act:type>RECEIVABLE</act:type>
      <act:commodity>
        <cmdty:space>ISO4217</cmdty:space>
        <cmdty:id>INR</cmdty:id>
      </act:commodity>
      <act:commodity-scu>100</act:commodity-scu>
      <act:slots>
        <slot>
          <slot:key>placeholder</slot:key>
          <slot:value type="string">false</slot:value>
        </slot>
        <slot>
          <slot:key>favorite</slot:key>
          <slot:value type="string">false</slot:value>
        </slot>
      </act:slots>
      <act:parent type="guid">1c1e6c38314d9272bcbeeef272dba585</act:parent>
    </gnc:account>
    <gnc:account version="2.0.0">
      <act:name>Muhsin Mohammed PC Eazhur, Reseller Club Payments</act:name>
      <act:id type="guid">577a045fab16df2a948d28c770a69988</act:id>
      <act:type>RECEIVABLE</act:type>
      <act:commodity>
        <cmdty:space>ISO4217</cmdty:space>
        <cmdty:id>INR</cmdty:id>
      </act:commodity>
      <act:commodity-scu>100</act:commodity-scu>
      <act:slots>
        <slot>
          <slot:key>placeholder</slot:key>
          <slot:value type="string">false</slot:value>
        </slot>
        <slot>
          <slot:key>favorite</slot:key>
          <slot:value type="string">false</slot:value>
        </slot>
      </act:slots>
      <act:parent type="guid">1c1e6c38314d9272bcbeeef272dba585</act:parent>
    </gnc:account>
    <gnc:account version="2.0.0">
      <act:name>Food</act:name>
      <act:id type="guid">666fa28bb53ee7e6e07af4c9ac816f1d</act:id>
      <act:type>RECEIVABLE</act:type>
      <act:commodity>
        <cmdty:space>ISO4217</cmdty:space>
        <cmdty:id>INR</cmdty:id>
      </act:commodity>
      <act:commodity-scu>100</act:commodity-scu>
      <act:slots>
        <slot>
          <slot:key>placeholder</slot:key>
          <slot:value type="string">false</slot:value>
        </slot>
        <slot>
          <slot:key>favorite</slot:key>
          <slot:value type="string">false</slot:value>
        </slot>
      </act:slots>
      <act:parent type="guid">577a045fab16df2a948d28c770a69988</act:parent>
    </gnc:account>
    <gnc:account version="2.0.0">
      <act:name>Misc.</act:name>
      <act:id type="guid">7dc70c0c761c3e046875e716176725bf</act:id>
      <act:type>RECEIVABLE</act:type>
      <act:commodity>
        <cmdty:space>ISO4217</cmdty:space>
        <cmdty:id>INR</cmdty:id>
      </act:commodity>
      <act:commodity-scu>100</act:commodity-scu>
      <act:slots>
        <slot>
          <slot:key>placeholder</slot:key>
          <slot:value type="string">false</slot:value>
        </slot>
        <slot>
          <slot:key>favorite</slot:key>
          <slot:value type="string">false</slot:value>
        </slot>
      </act:slots>
      <act:parent type="guid">577a045fab16df2a948d28c770a69988</act:parent>
    </gnc:account>
    <gnc:account version="2.0.0">
      <act:name>Naqeeb Abdul Gafoor Peringodan, Paravanoor</act:name>
      <act:id type="guid">04089dadd409065ed8fb0d499a27114c</act:id>
      <act:type>RECEIVABLE</act:type>
      <act:commodity>
        <cmdty:space>ISO4217</cmdty:space>
        <cmdty:id>INR</cmdty:id>
      </act:commodity>
      <act:commodity-scu>100</act:commodity-scu>
      <act:slots>
        <slot>
          <slot:key>placeholder</slot:key>
          <slot:value type="string">false</slot:value>
        </slot>
        <slot>
          <slot:key>favorite</slot:key>
          <slot:value type="string">false</slot:value>
        </slot>
      </act:slots>
      <act:parent type="guid">1c1e6c38314d9272bcbeeef272dba585</act:parent>
    </gnc:account>
    <gnc:account version="2.0.0">
      <act:name>Nesithatha, Koyamon Kaka, Ayalvasi, Jaram</act:name>
      <act:id type="guid">eb64d5115c1c4b689fd1851a82610e71</act:id>
      <act:type>RECEIVABLE</act:type>
      <act:commodity>
        <cmdty:space>ISO4217</cmdty:space>
        <cmdty:id>INR</cmdty:id>
      </act:commodity>
      <act:commodity-scu>100</act:commodity-scu>
      <act:slots>
        <slot>
          <slot:key>placeholder</slot:key>
          <slot:value type="string">false</slot:value>
        </slot>
        <slot>
          <slot:key>favorite</slot:key>
          <slot:value type="string">false</slot:value>
        </slot>
      </act:slots>
      <act:parent type="guid">1c1e6c38314d9272bcbeeef272dba585</act:parent>
    </gnc:account>
    <gnc:account version="2.0.0">
      <act:name>Safa S 5 CSE CCET Valanchery</act:name>
      <act:id type="guid">cf485ce5a9cf65f5ef33338405c9380b</act:id>
      <act:type>RECEIVABLE</act:type>
      <act:commodity>
        <cmdty:space>ISO4217</cmdty:space>
        <cmdty:id>INR</cmdty:id>
      </act:commodity>
      <act:commodity-scu>100</act:commodity-scu>
      <act:slots>
        <slot>
          <slot:key>placeholder</slot:key>
          <slot:value type="string">false</slot:value>
        </slot>
        <slot>
          <slot:key>favorite</slot:key>
          <slot:value type="string">false</slot:value>
        </slot>
      </act:slots>
      <act:parent type="guid">1c1e6c38314d9272bcbeeef272dba585</act:parent>
    </gnc:account>
    <gnc:account version="2.0.0">
      <act:name>Shyam S 4 Mech - CCET Valanchery</act:name>
      <act:id type="guid">0e83d1933e93334131a4eeb36ef3fd12</act:id>
      <act:type>RECEIVABLE</act:type>
      <act:commodity>
        <cmdty:space>ISO4217</cmdty:space>
        <cmdty:id>INR</cmdty:id>
      </act:commodity>
      <act:commodity-scu>100</act:commodity-scu>
      <act:slots>
        <slot>
          <slot:key>placeholder</slot:key>
          <slot:value type="string">false</slot:value>
        </slot>
        <slot>
          <slot:key>favorite</slot:key>
          <slot:value type="string">false</slot:value>
        </slot>
      </act:slots>
      <act:parent type="guid">1c1e6c38314d9272bcbeeef272dba585</act:parent>
    </gnc:account>
    <gnc:account version="2.0.0">
      <act:name>Sinaz Prism Studio, Thekkumuri, Tirur</act:name>
      <act:id type="guid">0c60454e45f682ca16d9514af96fa53f</act:id>
      <act:type>RECEIVABLE</act:type>
      <act:commodity>
        <cmdty:space>ISO4217</cmdty:space>
        <cmdty:id>INR</cmdty:id>
      </act:commodity>
      <act:commodity-scu>100</act:commodity-scu>
      <act:slots>
        <slot>
          <slot:key>placeholder</slot:key>
          <slot:value type="string">false</slot:value>
        </slot>
        <slot>
          <slot:key>favorite</slot:key>
          <slot:value type="string">false</slot:value>
        </slot>
      </act:slots>
      <act:parent type="guid">1c1e6c38314d9272bcbeeef272dba585</act:parent>
    </gnc:account>
    <gnc:account version="2.0.0">
      <act:name>Ziyad S 4 Computer - CCET Valanchery</act:name>
      <act:id type="guid">fca09bef8983fdb4840ec74efcf02b36</act:id>
      <act:type>RECEIVABLE</act:type>
      <act:commodity>
        <cmdty:space>ISO4217</cmdty:space>
        <cmdty:id>INR</cmdty:id>
      </act:commodity>
      <act:commodity-scu>100</act:commodity-scu>
      <act:slots>
        <slot>
          <slot:key>placeholder</slot:key>
          <slot:value type="string">false</slot:value>
        </slot>
        <slot>
          <slot:key>favorite</slot:key>
          <slot:value type="string">false</slot:value>
        </slot>
      </act:slots>
      <act:parent type="guid">1c1e6c38314d9272bcbeeef272dba585</act:parent>
    </gnc:account>
    <gnc:account version="2.0.0">
      <act:name>Service Charges</act:name>
      <act:id type="guid">d132d389b409fdfdf114636dc36400c3</act:id>
      <act:type>RECEIVABLE</act:type>
      <act:commodity>
        <cmdty:space>ISO4217</cmdty:space>
        <cmdty:id>INR</cmdty:id>
      </act:commodity>
      <act:commodity-scu>100</act:commodity-scu>
      <act:slots>
        <slot>
          <slot:key>placeholder</slot:key>
          <slot:value type="string">true</slot:value>
        </slot>
        <slot>
          <slot:key>favorite</slot:key>
          <slot:value type="string">false</slot:value>
        </slot>
      </act:slots>
      <act:parent type="guid">a6971d1905f81a893df728a4012c97c2</act:parent>
    </gnc:account>
    <gnc:account version="2.0.0">
      <act:name>Crash Course, Poly Diploma 3 Year, Programming Methodology,SSM Tirur</act:name>
      <act:id type="guid">eb6f1213a86400843552761dcf66fd1c</act:id>
      <act:type>RECEIVABLE</act:type>
      <act:commodity>
        <cmdty:space>ISO4217</cmdty:space>
        <cmdty:id>INR</cmdty:id>
      </act:commodity>
      <act:commodity-scu>100</act:commodity-scu>
      <act:slots>
        <slot>
          <slot:key>placeholder</slot:key>
          <slot:value type="string">true</slot:value>
        </slot>
        <slot>
          <slot:key>favorite</slot:key>
          <slot:value type="string">false</slot:value>
        </slot>
      </act:slots>
      <act:parent type="guid">d132d389b409fdfdf114636dc36400c3</act:parent>
    </gnc:account>
    <gnc:account version="2.0.0">
      <act:name>2015-16</act:name>
      <act:id type="guid">049c3f156f7901e09ae8323e577ce87b</act:id>
      <act:type>RECEIVABLE</act:type>
      <act:commodity>
        <cmdty:space>ISO4217</cmdty:space>
        <cmdty:id>INR</cmdty:id>
      </act:commodity>
      <act:commodity-scu>100</act:commodity-scu>
      <act:slots>
        <slot>
          <slot:key>placeholder</slot:key>
          <slot:value type="string">false</slot:value>
        </slot>
        <slot>
          <slot:key>favorite</slot:key>
          <slot:value type="string">false</slot:value>
        </slot>
      </act:slots>
      <act:parent type="guid">eb6f1213a86400843552761dcf66fd1c</act:parent>
    </gnc:account>
    <gnc:account version="2.0.0">
      <act:name>2016-17</act:name>
      <act:id type="guid">cc4009d64092dfaf5aa75703e3d656ba</act:id>
      <act:type>RECEIVABLE</act:type>
      <act:commodity>
        <cmdty:space>ISO4217</cmdty:space>
        <cmdty:id>INR</cmdty:id>
      </act:commodity>
      <act:commodity-scu>100</act:commodity-scu>
      <act:slots>
        <slot>
          <slot:key>placeholder</slot:key>
          <slot:value type="string">false</slot:value>
        </slot>
        <slot>
          <slot:key>favorite</slot:key>
          <slot:value type="string">false</slot:value>
        </slot>
      </act:slots>
      <act:parent type="guid">eb6f1213a86400843552761dcf66fd1c</act:parent>
    </gnc:account>
    <gnc:account version="2.0.0">
      <act:name>DTP</act:name>
      <act:id type="guid">fd15d5ed6d3158d916eea955ca87f59d</act:id>
      <act:type>RECEIVABLE</act:type>
      <act:commodity>
        <cmdty:space>ISO4217</cmdty:space>
        <cmdty:id>INR</cmdty:id>
      </act:commodity>
      <act:commodity-scu>100</act:commodity-scu>
      <act:slots>
        <slot>
          <slot:key>placeholder</slot:key>
          <slot:value type="string">true</slot:value>
        </slot>
        <slot>
          <slot:key>favorite</slot:key>
          <slot:value type="string">false</slot:value>
        </slot>
      </act:slots>
      <act:parent type="guid">d132d389b409fdfdf114636dc36400c3</act:parent>
    </gnc:account>
    <gnc:account version="2.0.0">
      <act:name>Record Prepertion</act:name>
      <act:id type="guid">4e390906a13b8fd15cefbe2cac4c9d1d</act:id>
      <act:type>RECEIVABLE</act:type>
      <act:commodity>
        <cmdty:space>ISO4217</cmdty:space>
        <cmdty:id>INR</cmdty:id>
      </act:commodity>
      <act:commodity-scu>100</act:commodity-scu>
      <act:slots>
        <slot>
          <slot:key>placeholder</slot:key>
          <slot:value type="string">true</slot:value>
        </slot>
        <slot>
          <slot:key>favorite</slot:key>
          <slot:value type="string">false</slot:value>
        </slot>
      </act:slots>
      <act:parent type="guid">fd15d5ed6d3158d916eea955ca87f59d</act:parent>
    </gnc:account>
    <gnc:account version="2.0.0">
      <act:name>Industrial Visit Report, Poly 3 Year Diploma, 2015-16, SSM Poly Tirur</act:name>
      <act:id type="guid">e2e115c0067d77e9c19893d21e839087</act:id>
      <act:type>RECEIVABLE</act:type>
      <act:commodity>
        <cmdty:space>ISO4217</cmdty:space>
        <cmdty:id>INR</cmdty:id>
      </act:commodity>
      <act:commodity-scu>100</act:commodity-scu>
      <act:description>Muhsin Mohammed PC Eazhur Batch</act:description>
      <act:slots>
        <slot>
          <slot:key>placeholder</slot:key>
          <slot:value type="string">false</slot:value>
        </slot>
        <slot>
          <slot:key>favorite</slot:key>
          <slot:value type="string">false</slot:value>
        </slot>
      </act:slots>
      <act:parent type="guid">4e390906a13b8fd15cefbe2cac4c9d1d</act:parent>
    </gnc:account>
    <gnc:account version="2.0.0">
      <act:name>Web Technology Record, Poly 3 Year Diploma, 2015-16, SSM Poly Tirur</act:name>
      <act:id type="guid">c446fd15cd2bfdd727931908fea777aa</act:id>
      <act:type>RECEIVABLE</act:type>
      <act:commodity>
        <cmdty:space>ISO4217</cmdty:space>
        <cmdty:id>INR</cmdty:id>
      </act:commodity>
      <act:commodity-scu>100</act:commodity-scu>
      <act:slots>
        <slot>
          <slot:key>placeholder</slot:key>
          <slot:value type="string">false</slot:value>
        </slot>
        <slot>
          <slot:key>favorite</slot:key>
          <slot:value type="string">false</slot:value>
        </slot>
      </act:slots>
      <act:parent type="guid">4e390906a13b8fd15cefbe2cac4c9d1d</act:parent>
    </gnc:account>
    <gnc:account version="2.0.0">
      <act:name>PC OS Installation</act:name>
      <act:id type="guid">8b38bf2abb19238131ae9586c8d2cf5f</act:id>
      <act:type>RECEIVABLE</act:type>
      <act:commodity>
        <cmdty:space>ISO4217</cmdty:space>
        <cmdty:id>INR</cmdty:id>
      </act:commodity>
      <act:commodity-scu>100</act:commodity-scu>
      <act:slots>
        <slot>
          <slot:key>placeholder</slot:key>
          <slot:value type="string">false</slot:value>
        </slot>
        <slot>
          <slot:key>favorite</slot:key>
          <slot:value type="string">false</slot:value>
        </slot>
      </act:slots>
      <act:parent type="guid">d132d389b409fdfdf114636dc36400c3</act:parent>
    </gnc:account>
    <gnc:account version="2.0.0">
      <act:name>Prism Studio &amp; Book Stall, Thekkumuri, Tirur</act:name>
      <act:id type="guid">2eee1b50307eb0c3bc4c6bb80846b95c</act:id>
      <act:type>RECEIVABLE</act:type>
      <act:commodity>
        <cmdty:space>ISO4217</cmdty:space>
        <cmdty:id>INR</cmdty:id>
      </act:commodity>
      <act:commodity-scu>100</act:commodity-scu>
      <act:slots>
        <slot>
          <slot:key>placeholder</slot:key>
          <slot:value type="string">true</slot:value>
        </slot>
        <slot>
          <slot:key>favorite</slot:key>
          <slot:value type="string">false</slot:value>
        </slot>
      </act:slots>
      <act:parent type="guid">d132d389b409fdfdf114636dc36400c3</act:parent>
    </gnc:account>
    <gnc:account version="2.0.0">
      <act:name>Internet Works, Poly 3 Year Diploma Result Prints</act:name>
      <act:id type="guid">5fb4441c5e2ba97a2fab6d97b68ff15b</act:id>
      <act:type>RECEIVABLE</act:type>
      <act:commodity>
        <cmdty:space>ISO4217</cmdty:space>
        <cmdty:id>INR</cmdty:id>
      </act:commodity>
      <act:commodity-scu>100</act:commodity-scu>
      <act:slots>
        <slot>
          <slot:key>placeholder</slot:key>
          <slot:value type="string">false</slot:value>
        </slot>
        <slot>
          <slot:key>favorite</slot:key>
          <slot:value type="string">false</slot:value>
        </slot>
      </act:slots>
      <act:parent type="guid">2eee1b50307eb0c3bc4c6bb80846b95c</act:parent>
    </gnc:account>
    <gnc:account version="2.0.0">
      <act:name>Printing Works</act:name>
      <act:id type="guid">e24fa303b3d6a95af47300348cd5ce8d</act:id>
      <act:type>RECEIVABLE</act:type>
      <act:commodity>
        <cmdty:space>ISO4217</cmdty:space>
        <cmdty:id>INR</cmdty:id>
      </act:commodity>
      <act:commodity-scu>100</act:commodity-scu>
      <act:slots>
        <slot>
          <slot:key>placeholder</slot:key>
          <slot:value type="string">false</slot:value>
        </slot>
        <slot>
          <slot:key>favorite</slot:key>
          <slot:value type="string">false</slot:value>
        </slot>
      </act:slots>
      <act:parent type="guid">2eee1b50307eb0c3bc4c6bb80846b95c</act:parent>
    </gnc:account>
    <gnc:account version="2.0.0">
      <act:name>Project Guidance</act:name>
      <act:id type="guid">84711b1ded2992b6267d8d071c7201d1</act:id>
      <act:type>RECEIVABLE</act:type>
      <act:commodity>
        <cmdty:space>ISO4217</cmdty:space>
        <cmdty:id>INR</cmdty:id>
      </act:commodity>
      <act:commodity-scu>100</act:commodity-scu>
      <act:slots>
        <slot>
          <slot:key>placeholder</slot:key>
          <slot:value type="string">true</slot:value>
        </slot>
        <slot>
          <slot:key>favorite</slot:key>
          <slot:value type="string">false</slot:value>
        </slot>
      </act:slots>
      <act:parent type="guid">d132d389b409fdfdf114636dc36400c3</act:parent>
    </gnc:account>
    <gnc:account version="2.0.0">
      <act:name>2015-16, Poly 3 Year Diploma, Mini Project, SSM Poly Tirur</act:name>
      <act:id type="guid">0ca58aa5a600042260ede390f8ab26b4</act:id>
      <act:type>RECEIVABLE</act:type>
      <act:commodity>
        <cmdty:space>ISO4217</cmdty:space>
        <cmdty:id>INR</cmdty:id>
      </act:commodity>
      <act:commodity-scu>100</act:commodity-scu>
      <act:slots>
        <slot>
          <slot:key>placeholder</slot:key>
          <slot:value type="string">true</slot:value>
        </slot>
        <slot>
          <slot:key>favorite</slot:key>
          <slot:value type="string">false</slot:value>
        </slot>
      </act:slots>
      <act:parent type="guid">84711b1ded2992b6267d8d071c7201d1</act:parent>
    </gnc:account>
    <gnc:account version="2.0.0">
      <act:name>Eavening, Afsal Edappal - Event Management System</act:name>
      <act:id type="guid">5ae4c9d6112973367a046510b1857395</act:id>
      <act:type>RECEIVABLE</act:type>
      <act:commodity>
        <cmdty:space>ISO4217</cmdty:space>
        <cmdty:id>INR</cmdty:id>
      </act:commodity>
      <act:commodity-scu>100</act:commodity-scu>
      <act:description>Total Amount : 1500</act:description>
      <act:slots>
        <slot>
          <slot:key>placeholder</slot:key>
          <slot:value type="string">false</slot:value>
        </slot>
        <slot>
          <slot:key>favorite</slot:key>
          <slot:value type="string">false</slot:value>
        </slot>
      </act:slots>
      <act:parent type="guid">0ca58aa5a600042260ede390f8ab26b4</act:parent>
    </gnc:account>
    <gnc:account version="2.0.0">
      <act:name>Regular, Nayana &amp; Bijisha Team</act:name>
      <act:id type="guid">2d738b281fe2347ca2aa644c04067523</act:id>
      <act:type>RECEIVABLE</act:type>
      <act:commodity>
        <cmdty:space>ISO4217</cmdty:space>
        <cmdty:id>INR</cmdty:id>
      </act:commodity>
      <act:commodity-scu>100</act:commodity-scu>
      <act:slots>
        <slot>
          <slot:key>placeholder</slot:key>
          <slot:value type="string">false</slot:value>
        </slot>
        <slot>
          <slot:key>favorite</slot:key>
          <slot:value type="string">false</slot:value>
        </slot>
      </act:slots>
      <act:parent type="guid">0ca58aa5a600042260ede390f8ab26b4</act:parent>
    </gnc:account>
    <gnc:account version="2.0.0">
      <act:name>2016-17, Poly 3 Year Diploma</act:name>
      <act:id type="guid">27f52e3fbab7f8dcb6652fe586dc3405</act:id>
      <act:type>RECEIVABLE</act:type>
      <act:commodity>
        <cmdty:space>ISO4217</cmdty:space>
        <cmdty:id>INR</cmdty:id>
      </act:commodity>
      <act:commodity-scu>100</act:commodity-scu>
      <act:slots>
        <slot>
          <slot:key>placeholder</slot:key>
          <slot:value type="string">true</slot:value>
        </slot>
        <slot>
          <slot:key>favorite</slot:key>
          <slot:value type="string">false</slot:value>
        </slot>
      </act:slots>
      <act:parent type="guid">84711b1ded2992b6267d8d071c7201d1</act:parent>
    </gnc:account>
    <gnc:account version="2.0.0">
      <act:name>Main Project 3rd Year CS, Eavening, SSM Tirur</act:name>
      <act:id type="guid">47dae6d9b1b9161b3912c2e48461fed6</act:id>
      <act:type>RECEIVABLE</act:type>
      <act:commodity>
        <cmdty:space>ISO4217</cmdty:space>
        <cmdty:id>INR</cmdty:id>
      </act:commodity>
      <act:commodity-scu>100</act:commodity-scu>
      <act:slots>
        <slot>
          <slot:key>placeholder</slot:key>
          <slot:value type="string">true</slot:value>
        </slot>
        <slot>
          <slot:key>favorite</slot:key>
          <slot:value type="string">false</slot:value>
        </slot>
      </act:slots>
      <act:parent type="guid">27f52e3fbab7f8dcb6652fe586dc3405</act:parent>
    </gnc:account>
    <gnc:account version="2.0.0">
      <act:name>Jijith &amp; Ramees Team</act:name>
      <act:id type="guid">30c999a0b99705e4adffa6a55fe3c8cf</act:id>
      <act:type>RECEIVABLE</act:type>
      <act:commodity>
        <cmdty:space>ISO4217</cmdty:space>
        <cmdty:id>INR</cmdty:id>
      </act:commodity>
      <act:commodity-scu>100</act:commodity-scu>
      <act:description>Total Amount : 10000</act:description>
      <act:slots>
        <slot>
          <slot:key>placeholder</slot:key>
          <slot:value type="string">false</slot:value>
        </slot>
        <slot>
          <slot:key>favorite</slot:key>
          <slot:value type="string">false</slot:value>
        </slot>
      </act:slots>
      <act:parent type="guid">47dae6d9b1b9161b3912c2e48461fed6</act:parent>
    </gnc:account>
    <gnc:account version="2.0.0">
      <act:name>Vakif &amp; Sanoop Team</act:name>
      <act:id type="guid">318bd58e533e5ee7d317b2cca3acdde4</act:id>
      <act:type>RECEIVABLE</act:type>
      <act:commodity>
        <cmdty:space>ISO4217</cmdty:space>
        <cmdty:id>INR</cmdty:id>
      </act:commodity>
      <act:commodity-scu>100</act:commodity-scu>
      <act:description>Total Amount : 10000</act:description>
      <act:slots>
        <slot>
          <slot:key>placeholder</slot:key>
          <slot:value type="string">false</slot:value>
        </slot>
        <slot>
          <slot:key>favorite</slot:key>
          <slot:value type="string">false</slot:value>
        </slot>
      </act:slots>
      <act:parent type="guid">47dae6d9b1b9161b3912c2e48461fed6</act:parent>
    </gnc:account>
    <gnc:account version="2.0.0">
      <act:name>Mini Project 2nd Year CS, Eavening, SSM Tirur</act:name>
      <act:id type="guid">e45feefade88aefe0111aa5b6309d7da</act:id>
      <act:type>RECEIVABLE</act:type>
      <act:commodity>
        <cmdty:space>ISO4217</cmdty:space>
        <cmdty:id>INR</cmdty:id>
      </act:commodity>
      <act:commodity-scu>100</act:commodity-scu>
      <act:slots>
        <slot>
          <slot:key>placeholder</slot:key>
          <slot:value type="string">true</slot:value>
        </slot>
        <slot>
          <slot:key>favorite</slot:key>
          <slot:value type="string">false</slot:value>
        </slot>
      </act:slots>
      <act:parent type="guid">27f52e3fbab7f8dcb6652fe586dc3405</act:parent>
    </gnc:account>
    <gnc:account version="2.0.0">
      <act:name>Aflah S4 CS SSM Poly Tirur 2016-17</act:name>
      <act:id type="guid">434d39fa14fb892bc0b079b292a2c770</act:id>
      <act:type>RECEIVABLE</act:type>
      <act:commodity>
        <cmdty:space>ISO4217</cmdty:space>
        <cmdty:id>INR</cmdty:id>
      </act:commodity>
      <act:commodity-scu>100</act:commodity-scu>
      <act:description>Total Amount : 1500</act:description>
      <act:slots>
        <slot>
          <slot:key>placeholder</slot:key>
          <slot:value type="string">false</slot:value>
        </slot>
        <slot>
          <slot:key>favorite</slot:key>
          <slot:value type="string">false</slot:value>
        </slot>
      </act:slots>
      <act:parent type="guid">e45feefade88aefe0111aa5b6309d7da</act:parent>
    </gnc:account>
    <gnc:account version="2.0.0">
      <act:name>Akhnas S4 CS SSM Poly Tirur, 2016-17</act:name>
      <act:id type="guid">47b6d642a57fd8619b80ed565e8dc21d</act:id>
      <act:type>RECEIVABLE</act:type>
      <act:commodity>
        <cmdty:space>ISO4217</cmdty:space>
        <cmdty:id>INR</cmdty:id>
      </act:commodity>
      <act:commodity-scu>100</act:commodity-scu>
      <act:description>Total Amount : 1500</act:description>
      <act:slots>
        <slot>
          <slot:key>placeholder</slot:key>
          <slot:value type="string">false</slot:value>
        </slot>
        <slot>
          <slot:key>favorite</slot:key>
          <slot:value type="string">false</slot:value>
        </slot>
      </act:slots>
      <act:parent type="guid">e45feefade88aefe0111aa5b6309d7da</act:parent>
    </gnc:account>
    <gnc:account version="2.0.0">
      <act:name>Azfakh S4 CS SSM Poly Tirur, 2016-17</act:name>
      <act:id type="guid">b3ad396d5dca30b5991ac335d29bd7d7</act:id>
      <act:type>RECEIVABLE</act:type>
      <act:commodity>
        <cmdty:space>ISO4217</cmdty:space>
        <cmdty:id>INR</cmdty:id>
      </act:commodity>
      <act:commodity-scu>100</act:commodity-scu>
      <act:description>Total Amount : 1500</act:description>
      <act:slots>
        <slot>
          <slot:key>placeholder</slot:key>
          <slot:value type="string">false</slot:value>
        </slot>
        <slot>
          <slot:key>favorite</slot:key>
          <slot:value type="string">false</slot:value>
        </slot>
      </act:slots>
      <act:parent type="guid">e45feefade88aefe0111aa5b6309d7da</act:parent>
    </gnc:account>
    <gnc:account version="2.0.0">
      <act:name>Ershad M S4 CS SSM Poly Tirur, 2016-17</act:name>
      <act:id type="guid">5c5655e0ab9481403145f45de91abffa</act:id>
      <act:type>RECEIVABLE</act:type>
      <act:commodity>
        <cmdty:space>ISO4217</cmdty:space>
        <cmdty:id>INR</cmdty:id>
      </act:commodity>
      <act:commodity-scu>100</act:commodity-scu>
      <act:description>Total Amount : 1500</act:description>
      <act:slots>
        <slot>
          <slot:key>placeholder</slot:key>
          <slot:value type="string">false</slot:value>
        </slot>
        <slot>
          <slot:key>favorite</slot:key>
          <slot:value type="string">false</slot:value>
        </slot>
      </act:slots>
      <act:parent type="guid">e45feefade88aefe0111aa5b6309d7da</act:parent>
    </gnc:account>
    <gnc:account version="2.0.0">
      <act:name>Fairooz S4 CS SSM Poly Tirur 2016-17</act:name>
      <act:id type="guid">24202a425c1bb6aa46efed094913d9bb</act:id>
      <act:type>RECEIVABLE</act:type>
      <act:commodity>
        <cmdty:space>ISO4217</cmdty:space>
        <cmdty:id>INR</cmdty:id>
      </act:commodity>
      <act:commodity-scu>100</act:commodity-scu>
      <act:description>Total Amount : 1500</act:description>
      <act:slots>
        <slot>
          <slot:key>placeholder</slot:key>
          <slot:value type="string">false</slot:value>
        </slot>
        <slot>
          <slot:key>favorite</slot:key>
          <slot:value type="string">false</slot:value>
        </slot>
      </act:slots>
      <act:parent type="guid">e45feefade88aefe0111aa5b6309d7da</act:parent>
    </gnc:account>
    <gnc:account version="2.0.0">
      <act:name>Krishna Pradeep S4 CS SSM Poly Tirur, 2016-17</act:name>
      <act:id type="guid">f0e207ddd6fdeaf2577fd2aee036e9db</act:id>
      <act:type>RECEIVABLE</act:type>
      <act:commodity>
        <cmdty:space>ISO4217</cmdty:space>
        <cmdty:id>INR</cmdty:id>
      </act:commodity>
      <act:commodity-scu>100</act:commodity-scu>
      <act:description>Total Amount : 1500</act:description>
      <act:slots>
        <slot>
          <slot:key>placeholder</slot:key>
          <slot:value type="string">false</slot:value>
        </slot>
        <slot>
          <slot:key>favorite</slot:key>
          <slot:value type="string">false</slot:value>
        </slot>
      </act:slots>
      <act:parent type="guid">e45feefade88aefe0111aa5b6309d7da</act:parent>
    </gnc:account>
    <gnc:account version="2.0.0">
      <act:name>Nikil C S4 CS SSM Poly Tirur, 2016-17</act:name>
      <act:id type="guid">69ebc207379e1f07c4b1f742de17e84b</act:id>
      <act:type>RECEIVABLE</act:type>
      <act:commodity>
        <cmdty:space>ISO4217</cmdty:space>
        <cmdty:id>INR</cmdty:id>
      </act:commodity>
      <act:commodity-scu>100</act:commodity-scu>
      <act:description>Total Amount : 1500</act:description>
      <act:slots>
        <slot>
          <slot:key>placeholder</slot:key>
          <slot:value type="string">false</slot:value>
        </slot>
        <slot>
          <slot:key>favorite</slot:key>
          <slot:value type="string">false</slot:value>
        </slot>
      </act:slots>
      <act:parent type="guid">e45feefade88aefe0111aa5b6309d7da</act:parent>
    </gnc:account>
    <gnc:account version="2.0.0">
      <act:name>Sachin CK S4 CS SSM Poly Tirur, 2016-17</act:name>
      <act:id type="guid">431bf51eca5f3f1478d5f834dc9bf664</act:id>
      <act:type>RECEIVABLE</act:type>
      <act:commodity>
        <cmdty:space>ISO4217</cmdty:space>
        <cmdty:id>INR</cmdty:id>
      </act:commodity>
      <act:commodity-scu>100</act:commodity-scu>
      <act:description>Total Amount : 1500</act:description>
      <act:slots>
        <slot>
          <slot:key>placeholder</slot:key>
          <slot:value type="string">false</slot:value>
        </slot>
        <slot>
          <slot:key>favorite</slot:key>
          <slot:value type="string">false</slot:value>
        </slot>
      </act:slots>
      <act:parent type="guid">e45feefade88aefe0111aa5b6309d7da</act:parent>
    </gnc:account>
    <gnc:account version="2.0.0">
      <act:name>Sanoop S4 CS SSM Poly Tirur 2016-17</act:name>
      <act:id type="guid">e50df58f3a202cfb2ad89d57331e0c26</act:id>
      <act:type>RECEIVABLE</act:type>
      <act:commodity>
        <cmdty:space>ISO4217</cmdty:space>
        <cmdty:id>INR</cmdty:id>
      </act:commodity>
      <act:commodity-scu>100</act:commodity-scu>
      <act:description>Total Amount : 1500</act:description>
      <act:slots>
        <slot>
          <slot:key>placeholder</slot:key>
          <slot:value type="string">false</slot:value>
        </slot>
        <slot>
          <slot:key>favorite</slot:key>
          <slot:value type="string">false</slot:value>
        </slot>
      </act:slots>
      <act:parent type="guid">e45feefade88aefe0111aa5b6309d7da</act:parent>
    </gnc:account>
    <gnc:account version="2.0.0">
      <act:name>Sharafudheen S4 CS SSM Poly Tirur 2016-17</act:name>
      <act:id type="guid">0d1e7000ff077989e1d0ea3dd38c7aff</act:id>
      <act:type>RECEIVABLE</act:type>
      <act:commodity>
        <cmdty:space>ISO4217</cmdty:space>
        <cmdty:id>INR</cmdty:id>
      </act:commodity>
      <act:commodity-scu>100</act:commodity-scu>
      <act:description>Total Amount : 1500</act:description>
      <act:slots>
        <slot>
          <slot:key>placeholder</slot:key>
          <slot:value type="string">false</slot:value>
        </slot>
        <slot>
          <slot:key>favorite</slot:key>
          <slot:value type="string">false</slot:value>
        </slot>
      </act:slots>
      <act:parent type="guid">e45feefade88aefe0111aa5b6309d7da</act:parent>
    </gnc:account>
    <gnc:account version="2.0.0">
      <act:name>Shebeer S4 CS SSM Poly Tirur 2016-17</act:name>
      <act:id type="guid">ffb4b6c4d3fd414d9ff352f3b7173983</act:id>
      <act:type>RECEIVABLE</act:type>
      <act:commodity>
        <cmdty:space>ISO4217</cmdty:space>
        <cmdty:id>INR</cmdty:id>
      </act:commodity>
      <act:commodity-scu>100</act:commodity-scu>
      <act:description>Total Amount : 1500</act:description>
      <act:slots>
        <slot>
          <slot:key>placeholder</slot:key>
          <slot:value type="string">false</slot:value>
        </slot>
        <slot>
          <slot:key>favorite</slot:key>
          <slot:value type="string">false</slot:value>
        </slot>
      </act:slots>
      <act:parent type="guid">e45feefade88aefe0111aa5b6309d7da</act:parent>
    </gnc:account>
    <gnc:account version="2.0.0">
      <act:name>Sulthan Mubarak S4 CS SSM Poly Tirur, 2016-17</act:name>
      <act:id type="guid">6b491b93db5a82981db23be540213fd1</act:id>
      <act:type>RECEIVABLE</act:type>
      <act:commodity>
        <cmdty:space>ISO4217</cmdty:space>
        <cmdty:id>INR</cmdty:id>
      </act:commodity>
      <act:commodity-scu>100</act:commodity-scu>
      <act:description>Total Amount : 1500</act:description>
      <act:slots>
        <slot>
          <slot:key>placeholder</slot:key>
          <slot:value type="string">false</slot:value>
        </slot>
        <slot>
          <slot:key>favorite</slot:key>
          <slot:value type="string">false</slot:value>
        </slot>
      </act:slots>
      <act:parent type="guid">e45feefade88aefe0111aa5b6309d7da</act:parent>
    </gnc:account>
    <gnc:account version="2.0.0">
      <act:name>Seminar,2016-17,Poly 3 Year Diploma,Eavening,Electrical &amp; Electronics,SSM Poly Tirur</act:name>
      <act:id type="guid">a96c3f7f6fd76537dc66ec45bf1e8574</act:id>
      <act:type>RECEIVABLE</act:type>
      <act:commodity>
        <cmdty:space>ISO4217</cmdty:space>
        <cmdty:id>INR</cmdty:id>
      </act:commodity>
      <act:commodity-scu>100</act:commodity-scu>
      <act:description>Total Amount : 500</act:description>
      <act:slots>
        <slot>
          <slot:key>placeholder</slot:key>
          <slot:value type="string">false</slot:value>
        </slot>
        <slot>
          <slot:key>favorite</slot:key>
          <slot:value type="string">false</slot:value>
        </slot>
      </act:slots>
      <act:parent type="guid">d132d389b409fdfdf114636dc36400c3</act:parent>
    </gnc:account>
    <gnc:account version="2.0.0">
      <act:name>Website Works, Athif B P Angadi Works, Mudra Sports</act:name>
      <act:id type="guid">087d7ae68acdc63fef28616fefd7614e</act:id>
      <act:type>RECEIVABLE</act:type>
      <act:commodity>
        <cmdty:space>ISO4217</cmdty:space>
        <cmdty:id>INR</cmdty:id>
      </act:commodity>
      <act:commodity-scu>100</act:commodity-scu>
      <act:slots>
        <slot>
          <slot:key>placeholder</slot:key>
          <slot:value type="string">false</slot:value>
        </slot>
        <slot>
          <slot:key>favorite</slot:key>
          <slot:value type="string">false</slot:value>
        </slot>
      </act:slots>
      <act:parent type="guid">d132d389b409fdfdf114636dc36400c3</act:parent>
    </gnc:account>
    <gnc:transaction version="2.0.0">
      <trn:id type="guid">21648475eeab425faab0aa63b16440dd</trn:id>
      <trn:currency>
        <cmdty:space>ISO4217</cmdty:space>
        <cmdty:id>INR</cmdty:id>
      </trn:currency>
      <trn:date-posted>
        <ts:date>2017-10-01 16:29:00 +0530</ts:date>
      </trn:date-posted>
      <trn:date-entered>
        <ts:date>2017-10-02 12:38:34 +0530</ts:date>
      </trn:date-entered>
      <trn:description>Initial Balance</trn:description>
      <trn:slots />
      <trn:splits>
        <trn:split>
          <split:id type="guid">3b881da9c6124719a526be4e18077952</split:id>
          <split:reconciled-state>n</split:reconciled-state>
          <split:value>-3250/100</split:value>
          <split:quantity>-3250/100</split:quantity>
          <split:account type="guid">51b375c3a47181fdfbf2c76454294bfd</split:account>
        </trn:split>
        <trn:split>
          <split:id type="guid">8ee80907d9ff4c5d81a032a03f3d3ecf</split:id>
          <split:reconciled-state>n</split:reconciled-state>
          <split:value>3250/100</split:value>
          <split:quantity>3250/100</split:quantity>
          <split:account type="guid">553b5d2e14b58aefb11f703f9ab90513</split:account>
        </trn:split>
      </trn:splits>
    </gnc:transaction>
    <gnc:transaction version="2.0.0">
      <trn:id type="guid">bedd86bd4a2349c68a83155ef752a712</trn:id>
      <trn:currency>
        <cmdty:space>ISO4217</cmdty:space>
        <cmdty:id>INR</cmdty:id>
      </trn:currency>
      <trn:date-posted>
        <ts:date>2017-10-01 16:29:00 +0530</ts:date>
      </trn:date-posted>
      <trn:date-entered>
        <ts:date>2017-10-03 02:12:00 +0530</ts:date>
      </trn:date-entered>
      <trn:description>Initial Balance</trn:description>
      <trn:slots />
      <trn:splits>
        <trn:split>
          <split:id type="guid">76614eb56db4493a96431978786292a3</split:id>
          <split:reconciled-state>n</split:reconciled-state>
          <split:value>8732/100</split:value>
          <split:quantity>8732/100</split:quantity>
          <split:account type="guid">9e0f17a6e30bce6e697048ae58a35073</split:account>
        </trn:split>
        <trn:split>
          <split:id type="guid">d2ba5f4619e541eabd0a33296110d0ce</split:id>
          <split:reconciled-state>n</split:reconciled-state>
          <split:value>-8732/100</split:value>
          <split:quantity>-8732/100</split:quantity>
          <split:account type="guid">51b375c3a47181fdfbf2c76454294bfd</split:account>
        </trn:split>
      </trn:splits>
    </gnc:transaction>
    <gnc:transaction version="2.0.0">
      <trn:id type="guid">06535035287742e1b98dd9563cdf60f9</trn:id>
      <trn:currency>
        <cmdty:space>ISO4217</cmdty:space>
        <cmdty:id>INR</cmdty:id>
      </trn:currency>
      <trn:date-posted>
        <ts:date>2017-10-02 16:29:00 +0530</ts:date>
      </trn:date-posted>
      <trn:date-entered>
        <ts:date>2017-10-02 12:40:24 +0530</ts:date>
      </trn:date-entered>
      <trn:description>Tirur - Prism</trn:description>
      <trn:slots />
      <trn:splits>
        <trn:split>
          <split:id type="guid">bdfa95ebc6134c6bbeafe0952cee5f5b</split:id>
          <split:reconciled-state>n</split:reconciled-state>
          <split:value>700/100</split:value>
          <split:quantity>700/100</split:quantity>
          <split:account type="guid">de0aca72802cabd1de3fdd005d3cc47f</split:account>
        </trn:split>
        <trn:split>
          <split:id type="guid">bf6db76d555a4b169ae0025d38ee7057</split:id>
          <split:reconciled-state>n</split:reconciled-state>
          <split:value>-700/100</split:value>
          <split:quantity>-700/100</split:quantity>
          <split:account type="guid">553b5d2e14b58aefb11f703f9ab90513</split:account>
        </trn:split>
      </trn:splits>
    </gnc:transaction>
    <gnc:transaction version="2.0.0">
      <trn:id type="guid">7597b5ed6ddb40afa19b4827a6196746</trn:id>
      <trn:currency>
        <cmdty:space>ISO4217</cmdty:space>
        <cmdty:id>INR</cmdty:id>
      </trn:currency>
      <trn:date-posted>
        <ts:date>2017-10-02 16:29:00 +0530</ts:date>
      </trn:date-posted>
      <trn:date-entered>
        <ts:date>2017-10-03 02:13:31 +0530</ts:date>
      </trn:date-entered>
      <trn:description>Tirur - Puthentheru</trn:description>
      <trn:slots />
      <trn:splits>
        <trn:split>
          <split:id type="guid">198ad01ef0a54ba18fbad2e811d1b6ad</split:id>
          <split:reconciled-state>n</split:reconciled-state>
          <split:value>-900/100</split:value>
          <split:quantity>-900/100</split:quantity>
          <split:account type="guid">553b5d2e14b58aefb11f703f9ab90513</split:account>
        </trn:split>
        <trn:split>
          <split:id type="guid">ed1216909e1c44feb08ff7278044f687</split:id>
          <split:reconciled-state>n</split:reconciled-state>
          <split:value>900/100</split:value>
          <split:quantity>900/100</split:quantity>
          <split:account type="guid">de0aca72802cabd1de3fdd005d3cc47f</split:account>
        </trn:split>
      </trn:splits>
    </gnc:transaction>
    <gnc:transaction version="2.0.0">
      <trn:id type="guid">9e02e177263f4591ac27179ec0a71a1e</trn:id>
      <trn:currency>
        <cmdty:space>ISO4217</cmdty:space>
        <cmdty:id>INR</cmdty:id>
      </trn:currency>
      <trn:date-posted>
        <ts:date>2017-10-02 16:29:00 +0530</ts:date>
      </trn:date-posted>
      <trn:date-entered>
        <ts:date>2017-10-02 12:39:50 +0530</ts:date>
      </trn:date-entered>
      <trn:description>Puthentheru - Tirur</trn:description>
      <trn:slots />
      <trn:splits>
        <trn:split>
          <split:id type="guid">476b9a606fdc4830a901f8b942216a3e</split:id>
          <split:reconciled-state>n</split:reconciled-state>
          <split:value>900/100</split:value>
          <split:quantity>900/100</split:quantity>
          <split:account type="guid">de0aca72802cabd1de3fdd005d3cc47f</split:account>
        </trn:split>
        <trn:split>
          <split:id type="guid">86ad78176a984c8ab34a80ceed80e1f5</split:id>
          <split:reconciled-state>n</split:reconciled-state>
          <split:value>-900/100</split:value>
          <split:quantity>-900/100</split:quantity>
          <split:account type="guid">553b5d2e14b58aefb11f703f9ab90513</split:account>
        </trn:split>
      </trn:splits>
    </gnc:transaction>
    <gnc:transaction version="2.0.0">
      <trn:id type="guid">f3d6ef78657e43aa9908de3c3e39f96d</trn:id>
      <trn:currency>
        <cmdty:space>ISO4217</cmdty:space>
        <cmdty:id>INR</cmdty:id>
      </trn:currency>
      <trn:date-posted>
        <ts:date>2017-10-02 16:29:00 +0530</ts:date>
      </trn:date-posted>
      <trn:date-entered>
        <ts:date>2017-10-03 02:09:16 +0530</ts:date>
      </trn:date-entered>
      <trn:description>Deposit for IV : DK, Aju &amp; Favas</trn:description>
      <trn:slots />
      <trn:splits>
        <trn:split>
          <split:id type="guid">0a7afe199ed94d2baccc79a8992aa73b</split:id>
          <split:reconciled-state>n</split:reconciled-state>
          <split:value>-1500115/100</split:value>
          <split:quantity>-1500115/100</split:quantity>
          <split:account type="guid">44b2096f67db873a985f25306d309dd3</split:account>
        </trn:split>
        <trn:split>
          <split:id type="guid">59491d14350146faa2f9c5cf53da88d8</split:id>
          <split:reconciled-state>n</split:reconciled-state>
          <split:value>1500115/100</split:value>
          <split:quantity>1500115/100</split:quantity>
          <split:account type="guid">9e0f17a6e30bce6e697048ae58a35073</split:account>
        </trn:split>
      </trn:splits>
    </gnc:transaction>
    <gnc:transaction version="2.0.0">
      <trn:id type="guid">27d17cc56d9b4b60afbc2b250bbd7bd6</trn:id>
      <trn:currency>
        <cmdty:space>ISO4217</cmdty:space>
        <cmdty:id>INR</cmdty:id>
      </trn:currency>
      <trn:date-posted>
        <ts:date>2017-10-03 16:29:00 +0530</ts:date>
      </trn:date-posted>
      <trn:date-entered>
        <ts:date>2017-10-03 13:53:02 +0530</ts:date>
      </trn:date-entered>
      <trn:description>Browse charge : Naqeeb - Khaleel pay</trn:description>
      <trn:slots />
      <trn:splits>
        <trn:split>
          <split:id type="guid">583ef6f31fb04318aefe01f0ade589e4</split:id>
          <split:reconciled-state>n</split:reconciled-state>
          <split:value>1000/100</split:value>
          <split:quantity>1000/100</split:quantity>
          <split:account type="guid">44b2096f67db873a985f25306d309dd3</split:account>
        </trn:split>
        <trn:split>
          <split:id type="guid">9ff4f8cbc0a542f2b0f286fb18794ac2</split:id>
          <split:reconciled-state>n</split:reconciled-state>
          <split:value>-1000/100</split:value>
          <split:quantity>-1000/100</split:quantity>
          <split:account type="guid">553b5d2e14b58aefb11f703f9ab90513</split:account>
        </trn:split>
      </trn:splits>
    </gnc:transaction>
    <gnc:transaction version="2.0.0">
      <trn:id type="guid">2a6f39819b6540cc937ec8f4fee2bc47</trn:id>
      <trn:currency>
        <cmdty:space>ISO4217</cmdty:space>
        <cmdty:id>INR</cmdty:id>
      </trn:currency>
      <trn:date-posted>
        <ts:date>2017-10-03 16:29:00 +0530</ts:date>
      </trn:date-posted>
      <trn:date-entered>
        <ts:date>2017-10-03 19:04:06 +0530</ts:date>
      </trn:date-entered>
      <trn:description>For IV : Favas S 5 CS CCET Valanchery</trn:description>
      <trn:slots />
      <trn:splits>
        <trn:split>
          <split:id type="guid">a8711c4921374517943401440e1616cb</split:id>
          <split:reconciled-state>n</split:reconciled-state>
          <split:value>-200000/100</split:value>
          <split:quantity>-200000/100</split:quantity>
          <split:account type="guid">553b5d2e14b58aefb11f703f9ab90513</split:account>
        </trn:split>
        <trn:split>
          <split:id type="guid">bde1ce6efcda4fef953685fadbc9a486</split:id>
          <split:reconciled-state>n</split:reconciled-state>
          <split:value>200000/100</split:value>
          <split:quantity>200000/100</split:quantity>
          <split:account type="guid">b997e59804ef346b43af4f91e454c09e</split:account>
        </trn:split>
      </trn:splits>
    </gnc:transaction>
    <gnc:transaction version="2.0.0">
      <trn:id type="guid">309ba587bfd8416ebe11cf67e559567a</trn:id>
      <trn:currency>
        <cmdty:space>ISO4217</cmdty:space>
        <cmdty:id>INR</cmdty:id>
      </trn:currency>
      <trn:date-posted>
        <ts:date>2017-10-03 16:29:00 +0530</ts:date>
      </trn:date-posted>
      <trn:date-entered>
        <ts:date>2017-10-03 17:53:11 +0530</ts:date>
      </trn:date-entered>
      <trn:description>For IV Extra</trn:description>
      <trn:slots />
      <trn:splits>
        <trn:split>
          <split:id type="guid">71ecb707f0de44aa8bf0aca8865b7455</split:id>
          <split:reconciled-state>n</split:reconciled-state>
          <split:value>-20000/100</split:value>
          <split:quantity>-20000/100</split:quantity>
          <split:account type="guid">553b5d2e14b58aefb11f703f9ab90513</split:account>
        </trn:split>
        <trn:split>
          <split:id type="guid">b807bbd2ece04570b51d5d62d87a1852</split:id>
          <split:reconciled-state>n</split:reconciled-state>
          <split:value>20000/100</split:value>
          <split:quantity>20000/100</split:quantity>
          <split:account type="guid">e91840ac36f74bbeaa94e98a23836330</split:account>
        </trn:split>
      </trn:splits>
    </gnc:transaction>
    <gnc:transaction version="2.0.0">
      <trn:id type="guid">47611b045fac4eaea6693fadb240ab7c</trn:id>
      <trn:currency>
        <cmdty:space>ISO4217</cmdty:space>
        <cmdty:id>INR</cmdty:id>
      </trn:currency>
      <trn:date-posted>
        <ts:date>2017-10-03 16:29:00 +0530</ts:date>
      </trn:date-posted>
      <trn:date-entered>
        <ts:date>2017-10-03 13:56:16 +0530</ts:date>
      </trn:date-entered>
      <trn:description>Petrol Charge : Khaleel Naqeeb Pay</trn:description>
      <trn:slots />
      <trn:splits>
        <trn:split>
          <split:id type="guid">13d14620b4a04c2b884d3ca8412692f4</split:id>
          <split:reconciled-state>n</split:reconciled-state>
          <split:value>-3000/100</split:value>
          <split:quantity>-3000/100</split:quantity>
          <split:account type="guid">553b5d2e14b58aefb11f703f9ab90513</split:account>
        </trn:split>
        <trn:split>
          <split:id type="guid">fcb4418ec96d416f8a838c531b7b893d</split:id>
          <split:reconciled-state>n</split:reconciled-state>
          <split:value>3000/100</split:value>
          <split:quantity>3000/100</split:quantity>
          <split:account type="guid">44b2096f67db873a985f25306d309dd3</split:account>
        </trn:split>
      </trn:splits>
    </gnc:transaction>
    <gnc:transaction version="2.0.0">
      <trn:id type="guid">600af19436ed43dfac28c0cf1f4cf585</trn:id>
      <trn:currency>
        <cmdty:space>ISO4217</cmdty:space>
        <cmdty:id>INR</cmdty:id>
      </trn:currency>
      <trn:date-posted>
        <ts:date>2017-10-03 16:29:00 +0530</ts:date>
      </trn:date-posted>
      <trn:date-entered>
        <ts:date>2017-10-03 13:54:17 +0530</ts:date>
      </trn:date-entered>
      <trn:description>To Khaleel : Naqeeb Pay</trn:description>
      <trn:slots />
      <trn:splits>
        <trn:split>
          <split:id type="guid">37e2f3d055bc486a8732983c4e5e9be6</split:id>
          <split:reconciled-state>n</split:reconciled-state>
          <split:value>-100000/100</split:value>
          <split:quantity>-100000/100</split:quantity>
          <split:account type="guid">9e0f17a6e30bce6e697048ae58a35073</split:account>
        </trn:split>
        <trn:split>
          <split:id type="guid">b592901f6db34860829f8a27517add5d</split:id>
          <split:reconciled-state>n</split:reconciled-state>
          <split:value>100000/100</split:value>
          <split:quantity>100000/100</split:quantity>
          <split:account type="guid">44b2096f67db873a985f25306d309dd3</split:account>
        </trn:split>
      </trn:splits>
    </gnc:transaction>
    <gnc:transaction version="2.0.0">
      <trn:id type="guid">6d97423a70624941b40d4391dbfe3106</trn:id>
      <trn:currency>
        <cmdty:space>ISO4217</cmdty:space>
        <cmdty:id>INR</cmdty:id>
      </trn:currency>
      <trn:date-posted>
        <ts:date>2017-10-03 16:29:00 +0530</ts:date>
      </trn:date-posted>
      <trn:date-entered>
        <ts:date>2017-10-03 13:51:38 +0530</ts:date>
      </trn:date-entered>
      <trn:description>To IV : Aju</trn:description>
      <trn:slots />
      <trn:splits>
        <trn:split>
          <split:id type="guid">217c6000c128413d9fb8257d15779da2</split:id>
          <split:reconciled-state>n</split:reconciled-state>
          <split:value>-550000/100</split:value>
          <split:quantity>-550000/100</split:quantity>
          <split:account type="guid">553b5d2e14b58aefb11f703f9ab90513</split:account>
        </trn:split>
        <trn:split>
          <split:id type="guid">a465ac6702d14cc98824183aba83f3f8</split:id>
          <split:reconciled-state>n</split:reconciled-state>
          <split:value>550000/100</split:value>
          <split:quantity>550000/100</split:quantity>
          <split:account type="guid">68df8f480ef980cda64a10298374fea5</split:account>
        </trn:split>
      </trn:splits>
    </gnc:transaction>
    <gnc:transaction version="2.0.0">
      <trn:id type="guid">88867a9f1e634277a45dc16ad67c4b25</trn:id>
      <trn:currency>
        <cmdty:space>ISO4217</cmdty:space>
        <cmdty:id>INR</cmdty:id>
      </trn:currency>
      <trn:date-posted>
        <ts:date>2017-10-03 16:29:00 +0530</ts:date>
      </trn:date-posted>
      <trn:date-entered>
        <ts:date>2017-10-03 13:45:12 +0530</ts:date>
      </trn:date-entered>
      <trn:description>To IV : DK</trn:description>
      <trn:slots />
      <trn:splits>
        <trn:split>
          <split:id type="guid">93e94a63c88d424e9ef7b0e75de84b8d</split:id>
          <split:reconciled-state>n</split:reconciled-state>
          <split:value>-550000/100</split:value>
          <split:quantity>-550000/100</split:quantity>
          <split:account type="guid">553b5d2e14b58aefb11f703f9ab90513</split:account>
        </trn:split>
        <trn:split>
          <split:id type="guid">bbb6b9f8bd324e738c388d2363bbd6ff</split:id>
          <split:reconciled-state>n</split:reconciled-state>
          <split:value>550000/100</split:value>
          <split:quantity>550000/100</split:quantity>
          <split:account type="guid">e91840ac36f74bbeaa94e98a23836330</split:account>
        </trn:split>
      </trn:splits>
    </gnc:transaction>
    <gnc:transaction version="2.0.0">
      <trn:id type="guid">8f1a6c8e4f10f75e5b698195860e6d59</trn:id>
      <trn:currency>
        <cmdty:space>ISO4217</cmdty:space>
        <cmdty:id>INR</cmdty:id>
      </trn:currency>
      <trn:date-posted>
        <ts:date>2017-10-03 16:29:00 +0530</ts:date>
      </trn:date-posted>
      <trn:date-entered>
        <ts:date>2017-10-15 12:29:37 +0530</ts:date>
      </trn:date-entered>
      <trn:description>SMS CHRG FOR : 01-07-2017 to 30-09-2017</trn:description>
      <trn:slots />
      <trn:splits>
        <trn:split>
          <split:id type="guid">0ba59ad558fb35f94a8eed817413e26a</split:id>
          <split:reconciled-state>n</split:reconciled-state>
          <split:value>1770/100</split:value>
          <split:quantity>1770/100</split:quantity>
          <split:account type="guid">33203de3b8a0e7e93835a1886bef0a04</split:account>
        </trn:split>
        <trn:split>
          <split:id type="guid">77cc35a8dede7ce69dbac59ccff93857</split:id>
          <split:reconciled-state>n</split:reconciled-state>
          <split:value>-1770/100</split:value>
          <split:quantity>-1770/100</split:quantity>
          <split:account type="guid">9e0f17a6e30bce6e697048ae58a35073</split:account>
        </trn:split>
      </trn:splits>
    </gnc:transaction>
    <gnc:transaction version="2.0.0">
      <trn:id type="guid">95ea534aea92eac0d0ac38ec635d48e3</trn:id>
      <trn:currency>
        <cmdty:space>ISO4217</cmdty:space>
        <cmdty:id>INR</cmdty:id>
      </trn:currency>
      <trn:date-posted>
        <ts:date>2017-10-03 16:29:00 +0530</ts:date>
      </trn:date-posted>
      <trn:date-entered>
        <ts:date>2017-10-15 12:28:27 +0530</ts:date>
      </trn:date-entered>
      <trn:description>IMPS service charge for To Khaleel Naqeeb Pay</trn:description>
      <trn:slots />
      <trn:splits>
        <trn:split>
          <split:id type="guid">6134a57c2345b1debeb20ec753cb5cf5</split:id>
          <split:reconciled-state>n</split:reconciled-state>
          <split:value>-590/100</split:value>
          <split:quantity>-590/100</split:quantity>
          <split:account type="guid">9e0f17a6e30bce6e697048ae58a35073</split:account>
        </trn:split>
        <trn:split>
          <split:id type="guid">b2c7cc964d777d2c0befccbe62347f01</split:id>
          <split:reconciled-state>n</split:reconciled-state>
          <split:value>590/100</split:value>
          <split:quantity>590/100</split:quantity>
          <split:account type="guid">4509ba102c9d5f1033a6dedac405fedf</split:account>
        </trn:split>
      </trn:splits>
    </gnc:transaction>
    <gnc:transaction version="2.0.0">
      <trn:id type="guid">9a3acaaaad7248b68cb8756e4c966e91</trn:id>
      <trn:currency>
        <cmdty:space>ISO4217</cmdty:space>
        <cmdty:id>INR</cmdty:id>
      </trn:currency>
      <trn:date-posted>
        <ts:date>2017-10-03 16:29:00 +0530</ts:date>
      </trn:date-posted>
      <trn:date-entered>
        <ts:date>2017-10-03 14:02:30 +0530</ts:date>
      </trn:date-entered>
      <trn:description>Lunch</trn:description>
      <trn:slots />
      <trn:splits>
        <trn:split>
          <split:id type="guid">71877c5813dc435d848c05b9f4e4550e</split:id>
          <split:reconciled-state>n</split:reconciled-state>
          <split:value>5000/100</split:value>
          <split:quantity>5000/100</split:quantity>
          <split:account type="guid">c5b0116d0c454e6ea081ae734bcc285c</split:account>
        </trn:split>
        <trn:split>
          <split:id type="guid">fe797c36646b4e868a5b55b47f2c6657</split:id>
          <split:reconciled-state>n</split:reconciled-state>
          <split:value>-5000/100</split:value>
          <split:quantity>-5000/100</split:quantity>
          <split:account type="guid">553b5d2e14b58aefb11f703f9ab90513</split:account>
        </trn:split>
      </trn:splits>
    </gnc:transaction>
    <gnc:transaction version="2.0.0">
      <trn:id type="guid">9d1f7ae9abd44be6994e1656bd036b4a</trn:id>
      <trn:currency>
        <cmdty:space>ISO4217</cmdty:space>
        <cmdty:id>INR</cmdty:id>
      </trn:currency>
      <trn:date-posted>
        <ts:date>2017-10-03 16:29:00 +0530</ts:date>
      </trn:date-posted>
      <trn:date-entered>
        <ts:date>2017-10-03 14:00:23 +0530</ts:date>
      </trn:date-entered>
      <trn:description>From Sai Krishna for Khaleel Naqeeb Pay Petrol Charge</trn:description>
      <trn:slots />
      <trn:splits>
        <trn:split>
          <split:id type="guid">15fbbbf3519c41848805bc4a9bf7e389</split:id>
          <split:reconciled-state>n</split:reconciled-state>
          <split:value>-1000/100</split:value>
          <split:quantity>-1000/100</split:quantity>
          <split:account type="guid">65f24c0b738c4c2fbf9c6d208afdd593</split:account>
        </trn:split>
        <trn:split>
          <split:id type="guid">9d649cbf330d475a93064ba0b606852c</split:id>
          <split:reconciled-state>n</split:reconciled-state>
          <split:value>1000/100</split:value>
          <split:quantity>1000/100</split:quantity>
          <split:account type="guid">553b5d2e14b58aefb11f703f9ab90513</split:account>
        </trn:split>
      </trn:splits>
    </gnc:transaction>
    <gnc:transaction version="2.0.0">
      <trn:id type="guid">a5a2523cd4ee40cebf0e7b185cbc034b</trn:id>
      <trn:currency>
        <cmdty:space>ISO4217</cmdty:space>
        <cmdty:id>INR</cmdty:id>
      </trn:currency>
      <trn:date-posted>
        <ts:date>2017-10-03 16:29:00 +0530</ts:date>
      </trn:date-posted>
      <trn:date-entered>
        <ts:date>2017-10-03 13:46:55 +0530</ts:date>
      </trn:date-entered>
      <trn:description>Valanchery - Athipatta</trn:description>
      <trn:slots />
      <trn:splits>
        <trn:split>
          <split:id type="guid">14c7f16604a44e63b44b60a7ceab59a2</split:id>
          <split:reconciled-state>n</split:reconciled-state>
          <split:value>700/100</split:value>
          <split:quantity>700/100</split:quantity>
          <split:account type="guid">c19c979358604832be59eb399a25fbc5</split:account>
        </trn:split>
        <trn:split>
          <split:id type="guid">f08595327b454aebbfafc8bb3d0dd36d</split:id>
          <split:reconciled-state>n</split:reconciled-state>
          <split:value>-700/100</split:value>
          <split:quantity>-700/100</split:quantity>
          <split:account type="guid">553b5d2e14b58aefb11f703f9ab90513</split:account>
        </trn:split>
      </trn:splits>
    </gnc:transaction>
    <gnc:transaction version="2.0.0">
      <trn:id type="guid">a9c3a9f7e10b406988b3ac2965fc08be</trn:id>
      <trn:currency>
        <cmdty:space>ISO4217</cmdty:space>
        <cmdty:id>INR</cmdty:id>
      </trn:currency>
      <trn:date-posted>
        <ts:date>2017-10-03 16:29:00 +0530</ts:date>
      </trn:date-posted>
      <trn:date-entered>
        <ts:date>2017-10-03 13:03:49 +0530</ts:date>
      </trn:date-entered>
      <trn:description>For IV Morning travel</trn:description>
      <trn:slots />
      <trn:splits>
        <trn:split>
          <split:id type="guid">7c9978d8ba1748769f34604cebe3c0b8</split:id>
          <split:reconciled-state>n</split:reconciled-state>
          <split:value>-10000/100</split:value>
          <split:quantity>-10000/100</split:quantity>
          <split:account type="guid">88033ba35de8445388f8a85fb6399226</split:account>
        </trn:split>
        <trn:split>
          <split:id type="guid">b5121a2b00a94c64bcc49a702c083674</split:id>
          <split:reconciled-state>n</split:reconciled-state>
          <split:value>10000/100</split:value>
          <split:quantity>10000/100</split:quantity>
          <split:account type="guid">553b5d2e14b58aefb11f703f9ab90513</split:account>
        </trn:split>
      </trn:splits>
    </gnc:transaction>
    <gnc:transaction version="2.0.0">
      <trn:id type="guid">b62c75443cad4c22912b0d4d894f31c4</trn:id>
      <trn:currency>
        <cmdty:space>ISO4217</cmdty:space>
        <cmdty:id>INR</cmdty:id>
      </trn:currency>
      <trn:date-posted>
        <ts:date>2017-10-03 16:29:00 +0530</ts:date>
      </trn:date-posted>
      <trn:date-entered>
        <ts:date>2017-10-03 13:45:55 +0530</ts:date>
      </trn:date-entered>
      <trn:description>Vailathoor - Valanchery</trn:description>
      <trn:slots />
      <trn:splits>
        <trn:split>
          <split:id type="guid">060090d1c78d4b6494e7292c1774db4d</split:id>
          <split:reconciled-state>n</split:reconciled-state>
          <split:value>-1500/100</split:value>
          <split:quantity>-1500/100</split:quantity>
          <split:account type="guid">553b5d2e14b58aefb11f703f9ab90513</split:account>
        </trn:split>
        <trn:split>
          <split:id type="guid">204e1e39acef46ac80456e8182b9eddc</split:id>
          <split:reconciled-state>n</split:reconciled-state>
          <split:value>1500/100</split:value>
          <split:quantity>1500/100</split:quantity>
          <split:account type="guid">c19c979358604832be59eb399a25fbc5</split:account>
        </trn:split>
      </trn:splits>
    </gnc:transaction>
    <gnc:transaction version="2.0.0">
      <trn:id type="guid">e6d4467205b14f2b8b08105742c6071e</trn:id>
      <trn:currency>
        <cmdty:space>ISO4217</cmdty:space>
        <cmdty:id>INR</cmdty:id>
      </trn:currency>
      <trn:date-posted>
        <ts:date>2017-10-03 16:29:00 +0530</ts:date>
      </trn:date-posted>
      <trn:date-entered>
        <ts:date>2017-10-03 13:17:03 +0530</ts:date>
      </trn:date-entered>
      <trn:description>From PNB for IV : Aju, DK &amp; Favas</trn:description>
      <trn:slots />
      <trn:splits>
        <trn:split>
          <split:id type="guid">06448b78e5894c9085240c83b2293f7c</split:id>
          <split:reconciled-state>n</split:reconciled-state>
          <split:value>1400000/100</split:value>
          <split:quantity>1400000/100</split:quantity>
          <split:account type="guid">553b5d2e14b58aefb11f703f9ab90513</split:account>
        </trn:split>
        <trn:split>
          <split:id type="guid">32e8c47a7d9d4e33816b6c877173564f</split:id>
          <split:reconciled-state>n</split:reconciled-state>
          <split:value>-1400000/100</split:value>
          <split:quantity>-1400000/100</split:quantity>
          <split:account type="guid">9e0f17a6e30bce6e697048ae58a35073</split:account>
        </trn:split>
      </trn:splits>
    </gnc:transaction>
    <gnc:transaction version="2.0.0">
      <trn:id type="guid">010985afef58468893c1e0f9cfb2a333</trn:id>
      <trn:currency>
        <cmdty:space>ISO4217</cmdty:space>
        <cmdty:id>INR</cmdty:id>
      </trn:currency>
      <trn:date-posted>
        <ts:date>2017-10-04 16:29:00 +0530</ts:date>
      </trn:date-posted>
      <trn:date-entered>
        <ts:date>2017-10-04 19:56:02 +0530</ts:date>
      </trn:date-entered>
      <trn:description>Initial Balance</trn:description>
      <trn:slots>
        <slot>
          <slot:key>notes</slot:key>
          <slot:value type="string">Actual : 4000, Bill : 4500, Profit : 500</slot:value>
        </slot>
      </trn:slots>
      <trn:splits>
        <trn:split>
          <split:id type="guid">31c4148dfd9f4505a5676b160bf4f2cc</split:id>
          <split:reconciled-state>n</split:reconciled-state>
          <split:value>450000/100</split:value>
          <split:quantity>450000/100</split:quantity>
          <split:account type="guid">3f7e2637c9d7d221170f00b63a693b7e</split:account>
        </trn:split>
        <trn:split>
          <split:id type="guid">b595efdc24d74f80ac145adce802cb61</split:id>
          <split:reconciled-state>n</split:reconciled-state>
          <split:value>-450000/100</split:value>
          <split:quantity>-450000/100</split:quantity>
          <split:account type="guid">51b375c3a47181fdfbf2c76454294bfd</split:account>
        </trn:split>
      </trn:splits>
    </gnc:transaction>
    <gnc:transaction version="2.0.0">
      <trn:id type="guid">3d30f8bc7f27408f8d7d01cacfbc193c</trn:id>
      <trn:currency>
        <cmdty:space>ISO4217</cmdty:space>
        <cmdty:id>INR</cmdty:id>
      </trn:currency>
      <trn:date-posted>
        <ts:date>2017-10-04 16:29:00 +0530</ts:date>
      </trn:date-posted>
      <trn:date-entered>
        <ts:date>2017-10-04 20:11:25 +0530</ts:date>
      </trn:date-entered>
      <trn:description>To Ismail K Father Banee Ishaque K</trn:description>
      <trn:slots />
      <trn:splits>
        <trn:split>
          <split:id type="guid">526ab1b9ec0f481eb3f7699416e722b5</split:id>
          <split:reconciled-state>n</split:reconciled-state>
          <split:value>-300000/100</split:value>
          <split:quantity>-300000/100</split:quantity>
          <split:account type="guid">3f7e2637c9d7d221170f00b63a693b7e</split:account>
        </trn:split>
        <trn:split>
          <split:id type="guid">740bc20944284d7cae87fbcdb7f221d7</split:id>
          <split:reconciled-state>n</split:reconciled-state>
          <split:value>300000/100</split:value>
          <split:quantity>300000/100</split:quantity>
          <split:account type="guid">d489633171660fde26526761854b20ba</split:account>
        </trn:split>
      </trn:splits>
    </gnc:transaction>
    <gnc:transaction version="2.0.0">
      <trn:id type="guid">43643cca83584c6e855fe7564c3087ed</trn:id>
      <trn:currency>
        <cmdty:space>ISO4217</cmdty:space>
        <cmdty:id>INR</cmdty:id>
      </trn:currency>
      <trn:date-posted>
        <ts:date>2017-10-04 16:29:00 +0530</ts:date>
      </trn:date-posted>
      <trn:date-entered>
        <ts:date>2017-10-04 19:47:27 +0530</ts:date>
      </trn:date-entered>
      <trn:description>Shavarma at Goa</trn:description>
      <trn:slots />
      <trn:splits>
        <trn:split>
          <split:id type="guid">732e7f55fbd945b9b29bcae96cb42c4b</split:id>
          <split:reconciled-state>n</split:reconciled-state>
          <split:value>-7000/100</split:value>
          <split:quantity>-7000/100</split:quantity>
          <split:account type="guid">553b5d2e14b58aefb11f703f9ab90513</split:account>
        </trn:split>
        <trn:split>
          <split:id type="guid">d998d96e576b4802bc4363062a6528d7</split:id>
          <split:reconciled-state>n</split:reconciled-state>
          <split:value>7000/100</split:value>
          <split:quantity>7000/100</split:quantity>
          <split:account type="guid">c5b0116d0c454e6ea081ae734bcc285c</split:account>
        </trn:split>
      </trn:splits>
    </gnc:transaction>
    <gnc:transaction version="2.0.0">
      <trn:id type="guid">0f18824cc5354e749656285ce0ae63cf</trn:id>
      <trn:currency>
        <cmdty:space>ISO4217</cmdty:space>
        <cmdty:id>INR</cmdty:id>
      </trn:currency>
      <trn:date-posted>
        <ts:date>2017-10-05 16:29:00 +0530</ts:date>
      </trn:date-posted>
      <trn:date-entered>
        <ts:date>2017-10-05 18:12:23 +0530</ts:date>
      </trn:date-entered>
      <trn:description>Kambam</trn:description>
      <trn:slots />
      <trn:splits>
        <trn:split>
          <split:id type="guid">2cc454b133224dce83d04b7fc560b1ae</split:id>
          <split:reconciled-state>n</split:reconciled-state>
          <split:value>-3000/100</split:value>
          <split:quantity>-3000/100</split:quantity>
          <split:account type="guid">553b5d2e14b58aefb11f703f9ab90513</split:account>
        </trn:split>
        <trn:split>
          <split:id type="guid">7046c64f83f444ebbc2f3dff30d69064</split:id>
          <split:reconciled-state>n</split:reconciled-state>
          <split:value>3000/100</split:value>
          <split:quantity>3000/100</split:quantity>
          <split:account type="guid">c5b0116d0c454e6ea081ae734bcc285c</split:account>
        </trn:split>
      </trn:splits>
    </gnc:transaction>
    <gnc:transaction version="2.0.0">
      <trn:id type="guid">12ed502262ba4aab92e04c1770d8161e</trn:id>
      <trn:currency>
        <cmdty:space>ISO4217</cmdty:space>
        <cmdty:id>INR</cmdty:id>
      </trn:currency>
      <trn:date-posted>
        <ts:date>2017-10-05 16:29:00 +0530</ts:date>
      </trn:date-posted>
      <trn:date-entered>
        <ts:date>2017-10-05 19:16:53 +0530</ts:date>
      </trn:date-entered>
      <trn:description>IV Extra expense to Swalih</trn:description>
      <trn:slots />
      <trn:splits>
        <trn:split>
          <split:id type="guid">09e688e418944ff5bdc20c855f55287e</split:id>
          <split:reconciled-state>n</split:reconciled-state>
          <split:value>453000/100</split:value>
          <split:quantity>453000/100</split:quantity>
          <split:account type="guid">33230e803cc040c2863b748598de6b74</split:account>
        </trn:split>
        <trn:split>
          <split:id type="guid">42dcf74ced95471684792f75c08bf551</split:id>
          <split:reconciled-state>n</split:reconciled-state>
          <split:value>-453000/100</split:value>
          <split:quantity>-453000/100</split:quantity>
          <split:account type="guid">553b5d2e14b58aefb11f703f9ab90513</split:account>
        </trn:split>
      </trn:splits>
    </gnc:transaction>
    <gnc:transaction version="2.0.0">
      <trn:id type="guid">3eb6de5656bd4b94abc2d535d1425b48</trn:id>
      <trn:currency>
        <cmdty:space>ISO4217</cmdty:space>
        <cmdty:id>INR</cmdty:id>
      </trn:currency>
      <trn:date-posted>
        <ts:date>2017-10-05 16:29:00 +0530</ts:date>
      </trn:date-posted>
      <trn:date-entered>
        <ts:date>2017-10-05 18:11:52 +0530</ts:date>
      </trn:date-entered>
      <trn:description>Hat for ponnu</trn:description>
      <trn:slots />
      <trn:splits>
        <trn:split>
          <split:id type="guid">0fd232471a3e4319b805b69606e48304</split:id>
          <split:reconciled-state>n</split:reconciled-state>
          <split:value>10000/100</split:value>
          <split:quantity>10000/100</split:quantity>
          <split:account type="guid">e84d69635d0e4e12ad58a38865b1f21f</split:account>
        </trn:split>
        <trn:split>
          <split:id type="guid">da934ada3eb14c8e97d8f575273611f3</split:id>
          <split:reconciled-state>n</split:reconciled-state>
          <split:value>-10000/100</split:value>
          <split:quantity>-10000/100</split:quantity>
          <split:account type="guid">553b5d2e14b58aefb11f703f9ab90513</split:account>
        </trn:split>
      </trn:splits>
    </gnc:transaction>
    <gnc:transaction version="2.0.0">
      <trn:id type="guid">4ecd990269e54c5dab2fdc2b07a875ab</trn:id>
      <trn:currency>
        <cmdty:space>ISO4217</cmdty:space>
        <cmdty:id>INR</cmdty:id>
      </trn:currency>
      <trn:date-posted>
        <ts:date>2017-10-05 16:29:00 +0530</ts:date>
      </trn:date-posted>
      <trn:date-entered>
        <ts:date>2017-10-05 18:13:43 +0530</ts:date>
      </trn:date-entered>
      <trn:description>Pork Fry</trn:description>
      <trn:slots />
      <trn:splits>
        <trn:split>
          <split:id type="guid">376dec4337c845d6a03f775431a2dd88</split:id>
          <split:reconciled-state>n</split:reconciled-state>
          <split:value>-15000/100</split:value>
          <split:quantity>-15000/100</split:quantity>
          <split:account type="guid">553b5d2e14b58aefb11f703f9ab90513</split:account>
        </trn:split>
        <trn:split>
          <split:id type="guid">4cdb52521a8044978d308dbf5e3ebd5a</split:id>
          <split:reconciled-state>n</split:reconciled-state>
          <split:value>15000/100</split:value>
          <split:quantity>15000/100</split:quantity>
          <split:account type="guid">c5b0116d0c454e6ea081ae734bcc285c</split:account>
        </trn:split>
      </trn:splits>
    </gnc:transaction>
    <gnc:transaction version="2.0.0">
      <trn:id type="guid">66551174d40d4b0db6335319756f4dec</trn:id>
      <trn:currency>
        <cmdty:space>ISO4217</cmdty:space>
        <cmdty:id>INR</cmdty:id>
      </trn:currency>
      <trn:date-posted>
        <ts:date>2017-10-05 16:29:00 +0530</ts:date>
      </trn:date-posted>
      <trn:date-entered>
        <ts:date>2017-10-05 09:27:30 +0530</ts:date>
      </trn:date-entered>
      <trn:description>Initial Balance</trn:description>
      <trn:slots />
      <trn:splits>
        <trn:split>
          <split:id type="guid">a17c1dc53c8e4685ad19a576cbc42561</split:id>
          <split:reconciled-state>n</split:reconciled-state>
          <split:value>-433000/100</split:value>
          <split:quantity>-433000/100</split:quantity>
          <split:account type="guid">33230e803cc040c2863b748598de6b74</split:account>
        </trn:split>
        <trn:split>
          <split:id type="guid">a7ed1c71a36c45fbb86270f11f6e2d13</split:id>
          <split:reconciled-state>n</split:reconciled-state>
          <split:value>433000/100</split:value>
          <split:quantity>433000/100</split:quantity>
          <split:account type="guid">553b5d2e14b58aefb11f703f9ab90513</split:account>
        </trn:split>
      </trn:splits>
    </gnc:transaction>
    <gnc:transaction version="2.0.0">
      <trn:id type="guid">7202a930d9c143949eab50d96f3663af</trn:id>
      <trn:currency>
        <cmdty:space>ISO4217</cmdty:space>
        <cmdty:id>INR</cmdty:id>
      </trn:currency>
      <trn:date-posted>
        <ts:date>2017-10-05 16:29:00 +0530</ts:date>
      </trn:date-posted>
      <trn:date-entered>
        <ts:date>2017-10-05 18:16:22 +0530</ts:date>
      </trn:date-entered>
      <trn:description>From ziyad - chicken fry debit</trn:description>
      <trn:slots />
      <trn:splits>
        <trn:split>
          <split:id type="guid">3c17857b145745aa91e3a5f88f3dc1cb</split:id>
          <split:reconciled-state>n</split:reconciled-state>
          <split:value>-22000/100</split:value>
          <split:quantity>-22000/100</split:quantity>
          <split:account type="guid">fca09bef8983fdb4840ec74efcf02b36</split:account>
        </trn:split>
        <trn:split>
          <split:id type="guid">71df6f12e1d24d98ad372b8022259335</split:id>
          <split:reconciled-state>n</split:reconciled-state>
          <split:value>22000/100</split:value>
          <split:quantity>22000/100</split:quantity>
          <split:account type="guid">553b5d2e14b58aefb11f703f9ab90513</split:account>
        </trn:split>
      </trn:splits>
    </gnc:transaction>
    <gnc:transaction version="2.0.0">
      <trn:id type="guid">73160cd944d04d83ad38760b31eb60ce</trn:id>
      <trn:currency>
        <cmdty:space>ISO4217</cmdty:space>
        <cmdty:id>INR</cmdty:id>
      </trn:currency>
      <trn:date-posted>
        <ts:date>2017-10-05 16:29:00 +0530</ts:date>
      </trn:date-posted>
      <trn:date-entered>
        <ts:date>2017-10-05 18:33:17 +0530</ts:date>
      </trn:date-entered>
      <trn:description>Dry fruits packet</trn:description>
      <trn:slots />
      <trn:splits>
        <trn:split>
          <split:id type="guid">167a9fe6106d46daab628c6602631ea8</split:id>
          <split:reconciled-state>n</split:reconciled-state>
          <split:value>-6000/100</split:value>
          <split:quantity>-6000/100</split:quantity>
          <split:account type="guid">553b5d2e14b58aefb11f703f9ab90513</split:account>
        </trn:split>
        <trn:split>
          <split:id type="guid">b0d8b614630f4f4a96be0c5bf53c202c</split:id>
          <split:reconciled-state>n</split:reconciled-state>
          <split:value>6000/100</split:value>
          <split:quantity>6000/100</split:quantity>
          <split:account type="guid">d4b4969ad2fe4b5aa7feb0b0520bd86b</split:account>
        </trn:split>
      </trn:splits>
    </gnc:transaction>
    <gnc:transaction version="2.0.0">
      <trn:id type="guid">8b2703b4a9f24fb2b56728d97fd41961</trn:id>
      <trn:currency>
        <cmdty:space>ISO4217</cmdty:space>
        <cmdty:id>INR</cmdty:id>
      </trn:currency>
      <trn:date-posted>
        <ts:date>2017-10-05 16:29:00 +0530</ts:date>
      </trn:date-posted>
      <trn:date-entered>
        <ts:date>2017-10-08 14:37:56 +0530</ts:date>
      </trn:date-entered>
      <trn:description>Refreshment after sea bath - jamal&amp;favas</trn:description>
      <trn:slots />
      <trn:splits>
        <trn:split>
          <split:id type="guid">28218a53150946a297e6e18de92d688f</split:id>
          <split:reconciled-state>n</split:reconciled-state>
          <split:value>5000/100</split:value>
          <split:quantity>5000/100</split:quantity>
          <split:account type="guid">d4b4969ad2fe4b5aa7feb0b0520bd86b</split:account>
        </trn:split>
        <trn:split>
          <split:id type="guid">6376da35443b410ba3dc3c6d718641c2</split:id>
          <split:reconciled-state>n</split:reconciled-state>
          <split:value>-5000/100</split:value>
          <split:quantity>-5000/100</split:quantity>
          <split:account type="guid">553b5d2e14b58aefb11f703f9ab90513</split:account>
        </trn:split>
      </trn:splits>
    </gnc:transaction>
    <gnc:transaction version="2.0.0">
      <trn:id type="guid">bc998e782a8f425f800d075d2b5d7089</trn:id>
      <trn:currency>
        <cmdty:space>ISO4217</cmdty:space>
        <cmdty:id>INR</cmdty:id>
      </trn:currency>
      <trn:date-posted>
        <ts:date>2017-10-05 16:29:00 +0530</ts:date>
      </trn:date-posted>
      <trn:date-entered>
        <ts:date>2017-10-05 18:15:42 +0530</ts:date>
      </trn:date-entered>
      <trn:description>Chicken fry x2 (130/fry)</trn:description>
      <trn:slots />
      <trn:splits>
        <trn:split>
          <split:id type="guid">24fe89c070eb442d85d7c365b619fb7f</split:id>
          <split:reconciled-state>n</split:reconciled-state>
          <split:value>-26000/100</split:value>
          <split:quantity>-26000/100</split:quantity>
          <split:account type="guid">553b5d2e14b58aefb11f703f9ab90513</split:account>
        </trn:split>
        <trn:split>
          <split:id type="guid">2f3b566e47d04a4aad4dbea692b5d6bd</split:id>
          <split:reconciled-state>n</split:reconciled-state>
          <split:value>26000/100</split:value>
          <split:quantity>26000/100</split:quantity>
          <split:account type="guid">fca09bef8983fdb4840ec74efcf02b36</split:account>
        </trn:split>
      </trn:splits>
    </gnc:transaction>
    <gnc:transaction version="2.0.0">
      <trn:id type="guid">cfb41bcf06f74468881163f2a90d6653</trn:id>
      <trn:currency>
        <cmdty:space>ISO4217</cmdty:space>
        <cmdty:id>INR</cmdty:id>
      </trn:currency>
      <trn:date-posted>
        <ts:date>2017-10-05 16:29:00 +0530</ts:date>
      </trn:date-posted>
      <trn:date-entered>
        <ts:date>2017-10-08 14:37:10 +0530</ts:date>
      </trn:date-entered>
      <trn:description>Refreshment after sea bath - dk&amp;bari</trn:description>
      <trn:slots />
      <trn:splits>
        <trn:split>
          <split:id type="guid">6000f405718740a7952d83423dcace35</split:id>
          <split:reconciled-state>n</split:reconciled-state>
          <split:value>-5000/100</split:value>
          <split:quantity>-5000/100</split:quantity>
          <split:account type="guid">553b5d2e14b58aefb11f703f9ab90513</split:account>
        </trn:split>
        <trn:split>
          <split:id type="guid">f54a44a0a1014a7a9567fa57a37842e1</split:id>
          <split:reconciled-state>n</split:reconciled-state>
          <split:value>5000/100</split:value>
          <split:quantity>5000/100</split:quantity>
          <split:account type="guid">d4b4969ad2fe4b5aa7feb0b0520bd86b</split:account>
        </trn:split>
      </trn:splits>
    </gnc:transaction>
    <gnc:transaction version="2.0.0">
      <trn:id type="guid">fb812093fe694fd1a39a892346791c0b</trn:id>
      <trn:currency>
        <cmdty:space>ISO4217</cmdty:space>
        <cmdty:id>INR</cmdty:id>
      </trn:currency>
      <trn:date-posted>
        <ts:date>2017-10-05 16:29:00 +0530</ts:date>
      </trn:date-posted>
      <trn:date-entered>
        <ts:date>2017-10-05 18:34:20 +0530</ts:date>
      </trn:date-entered>
      <trn:description>Tea at Bakel fort Goa</trn:description>
      <trn:slots />
      <trn:splits>
        <trn:split>
          <split:id type="guid">d1c0fc5073904a94bc4c189473e1283b</split:id>
          <split:reconciled-state>n</split:reconciled-state>
          <split:value>-500/100</split:value>
          <split:quantity>-500/100</split:quantity>
          <split:account type="guid">553b5d2e14b58aefb11f703f9ab90513</split:account>
        </trn:split>
        <trn:split>
          <split:id type="guid">e17bbed08a5642a6a0963c7f7433bd92</split:id>
          <split:reconciled-state>n</split:reconciled-state>
          <split:value>500/100</split:value>
          <split:quantity>500/100</split:quantity>
          <split:account type="guid">c5b0116d0c454e6ea081ae734bcc285c</split:account>
        </trn:split>
      </trn:splits>
    </gnc:transaction>
    <gnc:transaction version="2.0.0">
      <trn:id type="guid">6372552d75e8955fd5cbbfed8448122a</trn:id>
      <trn:currency>
        <cmdty:space>ISO4217</cmdty:space>
        <cmdty:id>INR</cmdty:id>
      </trn:currency>
      <trn:date-posted>
        <ts:date>2017-10-06 16:29:00 +0530</ts:date>
      </trn:date-posted>
      <trn:date-entered>
        <ts:date>2017-10-09 11:03:38 +0530</ts:date>
      </trn:date-entered>
      <trn:description>Deposit by Manaf/Anwar Sadique for IV Misc. expense</trn:description>
      <trn:slots />
      <trn:splits>
        <trn:split>
          <split:id type="guid">03ad4b1aa001072cd0e2ce7f2d7bb8f7</split:id>
          <split:reconciled-state>n</split:reconciled-state>
          <split:value>-150000/100</split:value>
          <split:quantity>-150000/100</split:quantity>
          <split:account type="guid">457c6ffb40056455597b2fd48d78af3f</split:account>
        </trn:split>
        <trn:split>
          <split:id type="guid">7b1e72567d1ab7a5de47509ba0a3a4dd</split:id>
          <split:reconciled-state>n</split:reconciled-state>
          <split:value>150000/100</split:value>
          <split:quantity>150000/100</split:quantity>
          <split:account type="guid">9e0f17a6e30bce6e697048ae58a35073</split:account>
        </trn:split>
      </trn:splits>
    </gnc:transaction>
    <gnc:transaction version="2.0.0">
      <trn:id type="guid">0bbc7b55a1fa41068aad89a3bd4414b7</trn:id>
      <trn:currency>
        <cmdty:space>ISO4217</cmdty:space>
        <cmdty:id>INR</cmdty:id>
      </trn:currency>
      <trn:date-posted>
        <ts:date>2017-10-07 16:29:00 +0530</ts:date>
      </trn:date-posted>
      <trn:date-entered>
        <ts:date>2017-10-08 14:38:31 +0530</ts:date>
      </trn:date-entered>
      <trn:description>Short</trn:description>
      <trn:slots />
      <trn:splits>
        <trn:split>
          <split:id type="guid">1f8c486346e44ad7a128e2193343188c</split:id>
          <split:reconciled-state>n</split:reconciled-state>
          <split:value>2050/100</split:value>
          <split:quantity>2050/100</split:quantity>
          <split:account type="guid">01c9861db926395fd629632ef63a024d</split:account>
        </trn:split>
        <trn:split>
          <split:id type="guid">b2991001869e4cf19945915bc4140829</split:id>
          <split:reconciled-state>n</split:reconciled-state>
          <split:value>-2050/100</split:value>
          <split:quantity>-2050/100</split:quantity>
          <split:account type="guid">553b5d2e14b58aefb11f703f9ab90513</split:account>
        </trn:split>
      </trn:splits>
    </gnc:transaction>
    <gnc:transaction version="2.0.0">
      <trn:id type="guid">0d541b0a1b3d411ea067d083ed0b176b</trn:id>
      <trn:currency>
        <cmdty:space>ISO4217</cmdty:space>
        <cmdty:id>INR</cmdty:id>
      </trn:currency>
      <trn:date-posted>
        <ts:date>2017-10-07 16:29:00 +0530</ts:date>
      </trn:date-posted>
      <trn:date-entered>
        <ts:date>2017-10-07 15:26:53 +0530</ts:date>
      </trn:date-entered>
      <trn:description>From ziyad for Swalih debit</trn:description>
      <trn:slots />
      <trn:splits>
        <trn:split>
          <split:id type="guid">11a90a4a358f464a95f7985d86ee56e6</split:id>
          <split:reconciled-state>n</split:reconciled-state>
          <split:value>-15000/100</split:value>
          <split:quantity>-15000/100</split:quantity>
          <split:account type="guid">33230e803cc040c2863b748598de6b74</split:account>
        </trn:split>
        <trn:split>
          <split:id type="guid">1ede29ba87754ff9abf39cc4defe7aaf</split:id>
          <split:reconciled-state>n</split:reconciled-state>
          <split:value>15000/100</split:value>
          <split:quantity>15000/100</split:quantity>
          <split:account type="guid">553b5d2e14b58aefb11f703f9ab90513</split:account>
        </trn:split>
      </trn:splits>
    </gnc:transaction>
    <gnc:transaction version="2.0.0">
      <trn:id type="guid">28b5a20498b54811bdd2c161de491097</trn:id>
      <trn:currency>
        <cmdty:space>ISO4217</cmdty:space>
        <cmdty:id>INR</cmdty:id>
      </trn:currency>
      <trn:date-posted>
        <ts:date>2017-10-07 16:29:00 +0530</ts:date>
      </trn:date-posted>
      <trn:date-entered>
        <ts:date>2017-10-07 15:32:22 +0530</ts:date>
      </trn:date-entered>
      <trn:description>Advance</trn:description>
      <trn:slots />
      <trn:splits>
        <trn:split>
          <split:id type="guid">3a865e912c774cab8a419705e1727fa8</split:id>
          <split:reconciled-state>n</split:reconciled-state>
          <split:value>-50000/100</split:value>
          <split:quantity>-50000/100</split:quantity>
          <split:account type="guid">d489633171660fde26526761854b20ba</split:account>
        </trn:split>
        <trn:split>
          <split:id type="guid">4ccb56288cbe44529c19485ae821a5f4</split:id>
          <split:reconciled-state>n</split:reconciled-state>
          <split:value>50000/100</split:value>
          <split:quantity>50000/100</split:quantity>
          <split:account type="guid">1e8646d25c5a4969ae22dd9ea2857950</split:account>
        </trn:split>
      </trn:splits>
    </gnc:transaction>
    <gnc:transaction version="2.0.0">
      <trn:id type="guid">642b56449734477a9724405b64cf008b</trn:id>
      <trn:currency>
        <cmdty:space>ISO4217</cmdty:space>
        <cmdty:id>INR</cmdty:id>
      </trn:currency>
      <trn:date-posted>
        <ts:date>2017-10-07 16:29:00 +0530</ts:date>
      </trn:date-posted>
      <trn:date-entered>
        <ts:date>2017-10-07 15:33:18 +0530</ts:date>
      </trn:date-entered>
      <trn:description>Travel petrol expense for bike enquiries</trn:description>
      <trn:slots />
      <trn:splits>
        <trn:split>
          <split:id type="guid">b0eee640e43743c69e9cda5800e6d84f</split:id>
          <split:reconciled-state>n</split:reconciled-state>
          <split:value>10000/100</split:value>
          <split:quantity>10000/100</split:quantity>
          <split:account type="guid">1e8646d25c5a4969ae22dd9ea2857950</split:account>
        </trn:split>
        <trn:split>
          <split:id type="guid">e969a8c9ee124ae4bbfe20530860fd6c</split:id>
          <split:reconciled-state>n</split:reconciled-state>
          <split:value>-10000/100</split:value>
          <split:quantity>-10000/100</split:quantity>
          <split:account type="guid">d489633171660fde26526761854b20ba</split:account>
        </trn:split>
      </trn:splits>
    </gnc:transaction>
    <gnc:transaction version="2.0.0">
      <trn:id type="guid">6ab006b05200449aa0fd0976a65fbd23</trn:id>
      <trn:currency>
        <cmdty:space>ISO4217</cmdty:space>
        <cmdty:id>INR</cmdty:id>
      </trn:currency>
      <trn:date-posted>
        <ts:date>2017-10-07 16:29:00 +0530</ts:date>
      </trn:date-posted>
      <trn:date-entered>
        <ts:date>2017-10-08 14:33:59 +0530</ts:date>
      </trn:date-entered>
      <trn:description>Teddy bear for ponnu</trn:description>
      <trn:slots />
      <trn:splits>
        <trn:split>
          <split:id type="guid">8c6cefb7c5e342f7ad70334a46e1bf16</split:id>
          <split:reconciled-state>n</split:reconciled-state>
          <split:value>10000/100</split:value>
          <split:quantity>10000/100</split:quantity>
          <split:account type="guid">e84d69635d0e4e12ad58a38865b1f21f</split:account>
        </trn:split>
        <trn:split>
          <split:id type="guid">e3a100e525a14ec3a6914b92d7a07a89</split:id>
          <split:reconciled-state>n</split:reconciled-state>
          <split:value>-10000/100</split:value>
          <split:quantity>-10000/100</split:quantity>
          <split:account type="guid">553b5d2e14b58aefb11f703f9ab90513</split:account>
        </trn:split>
      </trn:splits>
    </gnc:transaction>
    <gnc:transaction version="2.0.0">
      <trn:id type="guid">c77277043fa5408d85f7c2c88f0c0376</trn:id>
      <trn:currency>
        <cmdty:space>ISO4217</cmdty:space>
        <cmdty:id>INR</cmdty:id>
      </trn:currency>
      <trn:date-posted>
        <ts:date>2017-10-07 16:29:00 +0530</ts:date>
      </trn:date-posted>
      <trn:date-entered>
        <ts:date>2017-10-07 15:27:55 +0530</ts:date>
      </trn:date-entered>
      <trn:description>Mala for ponnu</trn:description>
      <trn:slots />
      <trn:splits>
        <trn:split>
          <split:id type="guid">4389a111d3ae42a19e4b123939b825d3</split:id>
          <split:reconciled-state>n</split:reconciled-state>
          <split:value>5000/100</split:value>
          <split:quantity>5000/100</split:quantity>
          <split:account type="guid">e84d69635d0e4e12ad58a38865b1f21f</split:account>
        </trn:split>
        <trn:split>
          <split:id type="guid">6bad9ff6280f4d9e9a17e5f21a3a08ed</split:id>
          <split:reconciled-state>n</split:reconciled-state>
          <split:value>-5000/100</split:value>
          <split:quantity>-5000/100</split:quantity>
          <split:account type="guid">553b5d2e14b58aefb11f703f9ab90513</split:account>
        </trn:split>
      </trn:splits>
    </gnc:transaction>
    <gnc:transaction version="2.0.0">
      <trn:id type="guid">469c397ef37649e6407249c3c956ac7e</trn:id>
      <trn:currency>
        <cmdty:space>ISO4217</cmdty:space>
        <cmdty:id>INR</cmdty:id>
      </trn:currency>
      <trn:date-posted>
        <ts:date>2017-10-08 16:29:00 +0530</ts:date>
      </trn:date-posted>
      <trn:date-entered>
        <ts:date>2017-10-09 11:05:31 +0530</ts:date>
      </trn:date-entered>
      <trn:description>To Swalih for Favas S5 CSE IV balance</trn:description>
      <trn:slots />
      <trn:splits>
        <trn:split>
          <split:id type="guid">56f4557fc378de80d761fc284ee0fd3e</split:id>
          <split:reconciled-state>n</split:reconciled-state>
          <split:value>-150000/100</split:value>
          <split:quantity>-150000/100</split:quantity>
          <split:account type="guid">553b5d2e14b58aefb11f703f9ab90513</split:account>
        </trn:split>
        <trn:split>
          <split:id type="guid">e8edb77797952fd69f915b24c66f706d</split:id>
          <split:reconciled-state>n</split:reconciled-state>
          <split:value>150000/100</split:value>
          <split:quantity>150000/100</split:quantity>
          <split:account type="guid">b997e59804ef346b43af4f91e454c09e</split:account>
        </trn:split>
      </trn:splits>
    </gnc:transaction>
    <gnc:transaction version="2.0.0">
      <trn:id type="guid">4bbb9d79b06a4021a5a6ab1a5d5c85fe</trn:id>
      <trn:currency>
        <cmdty:space>ISO4217</cmdty:space>
        <cmdty:id>INR</cmdty:id>
      </trn:currency>
      <trn:date-posted>
        <ts:date>2017-10-08 16:29:00 +0530</ts:date>
      </trn:date-posted>
      <trn:date-entered>
        <ts:date>2017-10-08 14:30:22 +0530</ts:date>
      </trn:date-entered>
      <trn:description>Black tea without at night</trn:description>
      <trn:slots />
      <trn:splits>
        <trn:split>
          <split:id type="guid">1dbbfa361ffb4d04bacbb2d00168662a</split:id>
          <split:reconciled-state>n</split:reconciled-state>
          <split:value>1000/100</split:value>
          <split:quantity>1000/100</split:quantity>
          <split:account type="guid">c5b0116d0c454e6ea081ae734bcc285c</split:account>
        </trn:split>
        <trn:split>
          <split:id type="guid">e4301a9c80f24479898490891e4080d5</split:id>
          <split:reconciled-state>n</split:reconciled-state>
          <split:value>-1000/100</split:value>
          <split:quantity>-1000/100</split:quantity>
          <split:account type="guid">553b5d2e14b58aefb11f703f9ab90513</split:account>
        </trn:split>
      </trn:splits>
    </gnc:transaction>
    <gnc:transaction version="2.0.0">
      <trn:id type="guid">6599bbb8537e4a1e9baf4cf1562ec959</trn:id>
      <trn:currency>
        <cmdty:space>ISO4217</cmdty:space>
        <cmdty:id>INR</cmdty:id>
      </trn:currency>
      <trn:date-posted>
        <ts:date>2017-10-08 16:29:00 +0530</ts:date>
      </trn:date-posted>
      <trn:date-entered>
        <ts:date>2017-10-08 14:27:41 +0530</ts:date>
      </trn:date-entered>
      <trn:description>From salih for IV extra fund collection balance</trn:description>
      <trn:slots />
      <trn:splits>
        <trn:split>
          <split:id type="guid">99ed6f3dd01441cdab6e5548a7a51597</split:id>
          <split:reconciled-state>n</split:reconciled-state>
          <split:value>20000/100</split:value>
          <split:quantity>20000/100</split:quantity>
          <split:account type="guid">553b5d2e14b58aefb11f703f9ab90513</split:account>
        </trn:split>
        <trn:split>
          <split:id type="guid">bac64805c4574d61b760eb6a26ae4277</split:id>
          <split:reconciled-state>n</split:reconciled-state>
          <split:value>-20000/100</split:value>
          <split:quantity>-20000/100</split:quantity>
          <split:account type="guid">33230e803cc040c2863b748598de6b74</split:account>
        </trn:split>
      </trn:splits>
    </gnc:transaction>
    <gnc:transaction version="2.0.0">
      <trn:id type="guid">bfae608c0b2b8fc101208a2087bc6d00</trn:id>
      <trn:currency>
        <cmdty:space>ISO4217</cmdty:space>
        <cmdty:id>INR</cmdty:id>
      </trn:currency>
      <trn:date-posted>
        <ts:date>2017-10-08 16:29:00 +0530</ts:date>
      </trn:date-posted>
      <trn:date-entered>
        <ts:date>2017-10-09 11:04:25 +0530</ts:date>
      </trn:date-entered>
      <trn:description>Withdraw for Favas S5 CSE IV balance</trn:description>
      <trn:slots />
      <trn:splits>
        <trn:split>
          <split:id type="guid">5fd02f4e4cf868d288836636dbc53749</split:id>
          <split:reconciled-state>n</split:reconciled-state>
          <split:value>150000/100</split:value>
          <split:quantity>150000/100</split:quantity>
          <split:account type="guid">553b5d2e14b58aefb11f703f9ab90513</split:account>
        </trn:split>
        <trn:split>
          <split:id type="guid">84b259c62b591dec0402d287d5de7681</split:id>
          <split:reconciled-state>n</split:reconciled-state>
          <split:value>-150000/100</split:value>
          <split:quantity>-150000/100</split:quantity>
          <split:account type="guid">9e0f17a6e30bce6e697048ae58a35073</split:account>
        </trn:split>
      </trn:splits>
    </gnc:transaction>
    <gnc:transaction version="2.0.0">
      <trn:id type="guid">f4fe3dec726b4cd99f99cea1827f7e9b</trn:id>
      <trn:currency>
        <cmdty:space>ISO4217</cmdty:space>
        <cmdty:id>INR</cmdty:id>
      </trn:currency>
      <trn:date-posted>
        <ts:date>2017-10-08 16:29:00 +0530</ts:date>
      </trn:date-posted>
      <trn:date-entered>
        <ts:date>2017-10-08 14:29:01 +0530</ts:date>
      </trn:date-entered>
      <trn:description>To siyad IV extra fund collection return</trn:description>
      <trn:slots />
      <trn:splits>
        <trn:split>
          <split:id type="guid">291a4246a7264844af75baaf60891a23</split:id>
          <split:reconciled-state>n</split:reconciled-state>
          <split:value>15000/100</split:value>
          <split:quantity>15000/100</split:quantity>
          <split:account type="guid">33230e803cc040c2863b748598de6b74</split:account>
        </trn:split>
        <trn:split>
          <split:id type="guid">fe176a6d52984de08c0c03806278a7a7</split:id>
          <split:reconciled-state>n</split:reconciled-state>
          <split:value>-15000/100</split:value>
          <split:quantity>-15000/100</split:quantity>
          <split:account type="guid">553b5d2e14b58aefb11f703f9ab90513</split:account>
        </trn:split>
      </trn:splits>
    </gnc:transaction>
    <gnc:transaction version="2.0.0">
      <trn:id type="guid">094177fb2361496c90dc671f76fe40a3</trn:id>
      <trn:currency>
        <cmdty:space>ISO4217</cmdty:space>
        <cmdty:id>INR</cmdty:id>
      </trn:currency>
      <trn:date-posted>
        <ts:date>2017-10-10 16:29:00 +0530</ts:date>
      </trn:date-posted>
      <trn:date-entered>
        <ts:date>2017-10-11 00:04:27 +0530</ts:date>
      </trn:date-entered>
      <trn:description>Tirur - Puthentheru</trn:description>
      <trn:slots />
      <trn:splits>
        <trn:split>
          <split:id type="guid">8600e9d7b4dd48a08e05c3ba774967f4</split:id>
          <split:reconciled-state>n</split:reconciled-state>
          <split:value>-900/100</split:value>
          <split:quantity>-900/100</split:quantity>
          <split:account type="guid">553b5d2e14b58aefb11f703f9ab90513</split:account>
        </trn:split>
        <trn:split>
          <split:id type="guid">a679731a2b624d49a0d01e977737edb7</split:id>
          <split:reconciled-state>n</split:reconciled-state>
          <split:value>900/100</split:value>
          <split:quantity>900/100</split:quantity>
          <split:account type="guid">c312117378cdfec8b727dcfb6dce302d</split:account>
        </trn:split>
      </trn:splits>
    </gnc:transaction>
    <gnc:transaction version="2.0.0">
      <trn:id type="guid">1e60262a0a8047a58430f9d18ac8fbc8</trn:id>
      <trn:currency>
        <cmdty:space>ISO4217</cmdty:space>
        <cmdty:id>INR</cmdty:id>
      </trn:currency>
      <trn:date-posted>
        <ts:date>2017-10-10 16:29:00 +0530</ts:date>
      </trn:date-posted>
      <trn:date-entered>
        <ts:date>2017-10-10 23:56:33 +0530</ts:date>
      </trn:date-entered>
      <trn:description>Valanchery - Tirur</trn:description>
      <trn:slots />
      <trn:splits>
        <trn:split>
          <split:id type="guid">b5e43fc2b7014c4a88f75144b0bea09d</split:id>
          <split:reconciled-state>n</split:reconciled-state>
          <split:value>1800/100</split:value>
          <split:quantity>1800/100</split:quantity>
          <split:account type="guid">c312117378cdfec8b727dcfb6dce302d</split:account>
        </trn:split>
        <trn:split>
          <split:id type="guid">bf3aa2c01294449cae06183bc3ee76b0</split:id>
          <split:reconciled-state>n</split:reconciled-state>
          <split:value>-1800/100</split:value>
          <split:quantity>-1800/100</split:quantity>
          <split:account type="guid">553b5d2e14b58aefb11f703f9ab90513</split:account>
        </trn:split>
      </trn:splits>
    </gnc:transaction>
    <gnc:transaction version="2.0.0">
      <trn:id type="guid">223afa0af1fd47e9a4bc7d4d67bf1fe2</trn:id>
      <trn:currency>
        <cmdty:space>ISO4217</cmdty:space>
        <cmdty:id>INR</cmdty:id>
      </trn:currency>
      <trn:date-posted>
        <ts:date>2017-10-10 16:29:00 +0530</ts:date>
      </trn:date-posted>
      <trn:date-entered>
        <ts:date>2017-10-10 23:55:38 +0530</ts:date>
      </trn:date-entered>
      <trn:description>Lunch Biriyani</trn:description>
      <trn:slots />
      <trn:splits>
        <trn:split>
          <split:id type="guid">58551ee73a5c456c81dd1d1505ad7b49</split:id>
          <split:reconciled-state>n</split:reconciled-state>
          <split:value>-5000/100</split:value>
          <split:quantity>-5000/100</split:quantity>
          <split:account type="guid">553b5d2e14b58aefb11f703f9ab90513</split:account>
        </trn:split>
        <trn:split>
          <split:id type="guid">ea9cd3cbb2db4b1490a910a72e27d018</split:id>
          <split:reconciled-state>n</split:reconciled-state>
          <split:value>5000/100</split:value>
          <split:quantity>5000/100</split:quantity>
          <split:account type="guid">fb92d7100206dd6251b9a970526df074</split:account>
        </trn:split>
      </trn:splits>
    </gnc:transaction>
    <gnc:transaction version="2.0.0">
      <trn:id type="guid">359a536ae0e849618e3faa8e354e336c</trn:id>
      <trn:currency>
        <cmdty:space>ISO4217</cmdty:space>
        <cmdty:id>INR</cmdty:id>
      </trn:currency>
      <trn:date-posted>
        <ts:date>2017-10-10 16:29:00 +0530</ts:date>
      </trn:date-posted>
      <trn:date-entered>
        <ts:date>2017-10-10 16:06:06 +0530</ts:date>
      </trn:date-entered>
      <trn:description>To PNB for current bill</trn:description>
      <trn:slots />
      <trn:splits>
        <trn:split>
          <split:id type="guid">2bf43782e03245cd9b2119ebbb8fcab6</split:id>
          <split:reconciled-state>n</split:reconciled-state>
          <split:value>-100000/100</split:value>
          <split:quantity>-100000/100</split:quantity>
          <split:account type="guid">553b5d2e14b58aefb11f703f9ab90513</split:account>
        </trn:split>
        <trn:split>
          <split:id type="guid">ef85faeb20814abaaf32ac63d9625be8</split:id>
          <split:reconciled-state>n</split:reconciled-state>
          <split:value>100000/100</split:value>
          <split:quantity>100000/100</split:quantity>
          <split:account type="guid">9e0f17a6e30bce6e697048ae58a35073</split:account>
        </trn:split>
      </trn:splits>
    </gnc:transaction>
    <gnc:transaction version="2.0.0">
      <trn:id type="guid">4af410ada5be40229f920a39c6cc5d2e</trn:id>
      <trn:currency>
        <cmdty:space>ISO4217</cmdty:space>
        <cmdty:id>INR</cmdty:id>
      </trn:currency>
      <trn:date-posted>
        <ts:date>2017-10-10 16:29:00 +0530</ts:date>
      </trn:date-posted>
      <trn:date-entered>
        <ts:date>2017-10-12 05:19:01 +0530</ts:date>
      </trn:date-entered>
      <trn:description>Membership fee</trn:description>
      <trn:slots />
      <trn:splits>
        <trn:split>
          <split:id type="guid">72528467b285403dab4ffd7cccee75f3</split:id>
          <split:reconciled-state>n</split:reconciled-state>
          <split:value>5000/100</split:value>
          <split:quantity>5000/100</split:quantity>
          <split:account type="guid">473199ea3d7c4c52a9c1e1585eb860de</split:account>
        </trn:split>
        <trn:split>
          <split:id type="guid">c5ecd801bf0644fdbfa7e25b4e66d57a</split:id>
          <split:reconciled-state>n</split:reconciled-state>
          <split:value>-5000/100</split:value>
          <split:quantity>-5000/100</split:quantity>
          <split:account type="guid">553b5d2e14b58aefb11f703f9ab90513</split:account>
        </trn:split>
      </trn:splits>
    </gnc:transaction>
    <gnc:transaction version="2.0.0">
      <trn:id type="guid">4fe97e8416e24681a4f450b0aebf6aac</trn:id>
      <trn:currency>
        <cmdty:space>ISO4217</cmdty:space>
        <cmdty:id>INR</cmdty:id>
      </trn:currency>
      <trn:date-posted>
        <ts:date>2017-10-10 16:29:00 +0530</ts:date>
      </trn:date-posted>
      <trn:date-entered>
        <ts:date>2017-10-10 23:54:59 +0530</ts:date>
      </trn:date-entered>
      <trn:description>Current bill pay via online at lab</trn:description>
      <trn:slots />
      <trn:splits>
        <trn:split>
          <split:id type="guid">6a3f2f76099047e999549a3c5561c32f</split:id>
          <split:reconciled-state>n</split:reconciled-state>
          <split:value>-80878/100</split:value>
          <split:quantity>-80878/100</split:quantity>
          <split:account type="guid">9e0f17a6e30bce6e697048ae58a35073</split:account>
        </trn:split>
        <trn:split>
          <split:id type="guid">8c1681a4faec417695a460a35591c848</split:id>
          <split:reconciled-state>n</split:reconciled-state>
          <split:value>80878/100</split:value>
          <split:quantity>80878/100</split:quantity>
          <split:account type="guid">d489633171660fde26526761854b20ba</split:account>
        </trn:split>
      </trn:splits>
    </gnc:transaction>
    <gnc:transaction version="2.0.0">
      <trn:id type="guid">7ee1c5f64d2d40668eef61f76c239b4b</trn:id>
      <trn:currency>
        <cmdty:space>ISO4217</cmdty:space>
        <cmdty:id>INR</cmdty:id>
      </trn:currency>
      <trn:date-posted>
        <ts:date>2017-10-10 16:29:00 +0530</ts:date>
      </trn:date-posted>
      <trn:date-entered>
        <ts:date>2017-10-10 23:53:02 +0530</ts:date>
      </trn:date-entered>
      <trn:description>Valanchery - Athipatta</trn:description>
      <trn:slots />
      <trn:splits>
        <trn:split>
          <split:id type="guid">d4efba3fd1fc446bae6107ee18dab995</split:id>
          <split:reconciled-state>n</split:reconciled-state>
          <split:value>700/100</split:value>
          <split:quantity>700/100</split:quantity>
          <split:account type="guid">c312117378cdfec8b727dcfb6dce302d</split:account>
        </trn:split>
        <trn:split>
          <split:id type="guid">d748dd6e9c224317aa400f9aa72d9b78</split:id>
          <split:reconciled-state>n</split:reconciled-state>
          <split:value>-700/100</split:value>
          <split:quantity>-700/100</split:quantity>
          <split:account type="guid">553b5d2e14b58aefb11f703f9ab90513</split:account>
        </trn:split>
      </trn:splits>
    </gnc:transaction>
    <gnc:transaction version="2.0.0">
      <trn:id type="guid">7ee2f5e1f0104dcebc0f38c04a2bc51b</trn:id>
      <trn:currency>
        <cmdty:space>ISO4217</cmdty:space>
        <cmdty:id>INR</cmdty:id>
      </trn:currency>
      <trn:date-posted>
        <ts:date>2017-10-10 16:29:00 +0530</ts:date>
      </trn:date-posted>
      <trn:date-entered>
        <ts:date>2017-10-11 00:07:07 +0530</ts:date>
      </trn:date-entered>
      <trn:description>Tirur - K.G Padi</trn:description>
      <trn:slots />
      <trn:splits>
        <trn:split>
          <split:id type="guid">5f0f59037c0c4c9ba8f6ae3c03ef0049</split:id>
          <split:reconciled-state>n</split:reconciled-state>
          <split:value>-700/100</split:value>
          <split:quantity>-700/100</split:quantity>
          <split:account type="guid">553b5d2e14b58aefb11f703f9ab90513</split:account>
        </trn:split>
        <trn:split>
          <split:id type="guid">fd922604d35b45688f28935ea866ce82</split:id>
          <split:reconciled-state>n</split:reconciled-state>
          <split:value>700/100</split:value>
          <split:quantity>700/100</split:quantity>
          <split:account type="guid">c51d0b91403a4baba25a8a99b576574a</split:account>
        </trn:split>
      </trn:splits>
    </gnc:transaction>
    <gnc:transaction version="2.0.0">
      <trn:id type="guid">80183687ab264c01be68a7979e6f9f1e</trn:id>
      <trn:currency>
        <cmdty:space>ISO4217</cmdty:space>
        <cmdty:id>INR</cmdty:id>
      </trn:currency>
      <trn:date-posted>
        <ts:date>2017-10-10 16:29:00 +0530</ts:date>
      </trn:date-posted>
      <trn:date-entered>
        <ts:date>2017-10-10 16:03:32 +0530</ts:date>
      </trn:date-entered>
      <trn:description>From father for manaf</trn:description>
      <trn:slots />
      <trn:splits>
        <trn:split>
          <split:id type="guid">5592884c95bb4615a9c06dc4b99d07a2</split:id>
          <split:reconciled-state>n</split:reconciled-state>
          <split:value>150000/100</split:value>
          <split:quantity>150000/100</split:quantity>
          <split:account type="guid">553b5d2e14b58aefb11f703f9ab90513</split:account>
        </trn:split>
        <trn:split>
          <split:id type="guid">5c1eb11335ad49a8bdd757fd36e58968</split:id>
          <split:reconciled-state>n</split:reconciled-state>
          <split:value>-150000/100</split:value>
          <split:quantity>-150000/100</split:quantity>
          <split:account type="guid">d489633171660fde26526761854b20ba</split:account>
        </trn:split>
      </trn:splits>
    </gnc:transaction>
    <gnc:transaction version="2.0.0">
      <trn:id type="guid">9c00b1c59372440bb530eccde3b193e1</trn:id>
      <trn:currency>
        <cmdty:space>ISO4217</cmdty:space>
        <cmdty:id>INR</cmdty:id>
      </trn:currency>
      <trn:date-posted>
        <ts:date>2017-10-10 16:29:00 +0530</ts:date>
      </trn:date-posted>
      <trn:date-entered>
        <ts:date>2017-10-11 00:07:19 +0530</ts:date>
      </trn:date-entered>
      <trn:description>Pattani single</trn:description>
      <trn:slots />
      <trn:splits>
        <trn:split>
          <split:id type="guid">7e3f03a387e84acb80b1852edd633eff</split:id>
          <split:reconciled-state>n</split:reconciled-state>
          <split:value>-2500/100</split:value>
          <split:quantity>-2500/100</split:quantity>
          <split:account type="guid">553b5d2e14b58aefb11f703f9ab90513</split:account>
        </trn:split>
        <trn:split>
          <split:id type="guid">cbf0cac0120c439081295fe767d245d2</split:id>
          <split:reconciled-state>n</split:reconciled-state>
          <split:value>2500/100</split:value>
          <split:quantity>2500/100</split:quantity>
          <split:account type="guid">be79ef9fd18cdc5457953404d8f8676b</split:account>
        </trn:split>
      </trn:splits>
    </gnc:transaction>
    <gnc:transaction version="2.0.0">
      <trn:id type="guid">bb066e48b960437f872f08e26d02a223</trn:id>
      <trn:currency>
        <cmdty:space>ISO4217</cmdty:space>
        <cmdty:id>INR</cmdty:id>
      </trn:currency>
      <trn:date-posted>
        <ts:date>2017-10-10 16:29:00 +0530</ts:date>
      </trn:date-posted>
      <trn:date-entered>
        <ts:date>2017-10-10 16:05:04 +0530</ts:date>
      </trn:date-entered>
      <trn:description>Tirur - Valanchery Bus fair</trn:description>
      <trn:slots />
      <trn:splits>
        <trn:split>
          <split:id type="guid">025aaba7e49349359c409f4d04c6ec2c</split:id>
          <split:reconciled-state>n</split:reconciled-state>
          <split:value>-1800/100</split:value>
          <split:quantity>-1800/100</split:quantity>
          <split:account type="guid">553b5d2e14b58aefb11f703f9ab90513</split:account>
        </trn:split>
        <trn:split>
          <split:id type="guid">4a0de01ba1a44cbfa3a9806205a127ef</split:id>
          <split:reconciled-state>n</split:reconciled-state>
          <split:value>1800/100</split:value>
          <split:quantity>1800/100</split:quantity>
          <split:account type="guid">c312117378cdfec8b727dcfb6dce302d</split:account>
        </trn:split>
      </trn:splits>
    </gnc:transaction>
    <gnc:transaction version="2.0.0">
      <trn:id type="guid">c2ef6d1d4c654d4da57808b3251bf623</trn:id>
      <trn:currency>
        <cmdty:space>ISO4217</cmdty:space>
        <cmdty:id>INR</cmdty:id>
      </trn:currency>
      <trn:date-posted>
        <ts:date>2017-10-10 16:29:00 +0530</ts:date>
      </trn:date-posted>
      <trn:date-entered>
        <ts:date>2017-10-12 05:21:40 +0530</ts:date>
      </trn:date-entered>
      <trn:description>Membership fee IEDC ziyad</trn:description>
      <trn:slots />
      <trn:splits>
        <trn:split>
          <split:id type="guid">4c3d0d586fae4af58ad7e48fb5c2869d</split:id>
          <split:reconciled-state>n</split:reconciled-state>
          <split:value>5000/100</split:value>
          <split:quantity>5000/100</split:quantity>
          <split:account type="guid">fca09bef8983fdb4840ec74efcf02b36</split:account>
        </trn:split>
        <trn:split>
          <split:id type="guid">7025e7dac4c14425a03e7dcdd9c9fe85</split:id>
          <split:reconciled-state>n</split:reconciled-state>
          <split:value>-5000/100</split:value>
          <split:quantity>-5000/100</split:quantity>
          <split:account type="guid">553b5d2e14b58aefb11f703f9ab90513</split:account>
        </trn:split>
      </trn:splits>
    </gnc:transaction>
    <gnc:transaction version="2.0.0">
      <trn:id type="guid">cc7c22844fc14b01a3e5f0c9b5aeb2cf</trn:id>
      <trn:currency>
        <cmdty:space>ISO4217</cmdty:space>
        <cmdty:id>INR</cmdty:id>
      </trn:currency>
      <trn:date-posted>
        <ts:date>2017-10-10 16:29:00 +0530</ts:date>
      </trn:date-posted>
      <trn:date-entered>
        <ts:date>2017-10-10 16:04:23 +0530</ts:date>
      </trn:date-entered>
      <trn:description>Puthentheru - Tirur</trn:description>
      <trn:slots />
      <trn:splits>
        <trn:split>
          <split:id type="guid">db2a7784c5c84ebfafc40a3355f8d346</split:id>
          <split:reconciled-state>n</split:reconciled-state>
          <split:value>900/100</split:value>
          <split:quantity>900/100</split:quantity>
          <split:account type="guid">c312117378cdfec8b727dcfb6dce302d</split:account>
        </trn:split>
        <trn:split>
          <split:id type="guid">e792ebddab864a1ab0c904830531c58e</split:id>
          <split:reconciled-state>n</split:reconciled-state>
          <split:value>-900/100</split:value>
          <split:quantity>-900/100</split:quantity>
          <split:account type="guid">553b5d2e14b58aefb11f703f9ab90513</split:account>
        </trn:split>
      </trn:splits>
    </gnc:transaction>
    <gnc:transaction version="2.0.0">
      <trn:id type="guid">d1a613bfba044f44ad857bc535d3e129</trn:id>
      <trn:currency>
        <cmdty:space>ISO4217</cmdty:space>
        <cmdty:id>INR</cmdty:id>
      </trn:currency>
      <trn:date-posted>
        <ts:date>2017-10-10 16:29:00 +0530</ts:date>
      </trn:date-posted>
      <trn:date-entered>
        <ts:date>2017-10-12 05:15:29 +0530</ts:date>
      </trn:date-entered>
      <trn:description>Athipatta - Valanchery</trn:description>
      <trn:slots />
      <trn:splits>
        <trn:split>
          <split:id type="guid">3b8d896c5d1b4b608385faffe1db2755</split:id>
          <split:reconciled-state>n</split:reconciled-state>
          <split:value>600/100</split:value>
          <split:quantity>600/100</split:quantity>
          <split:account type="guid">c312117378cdfec8b727dcfb6dce302d</split:account>
        </trn:split>
        <trn:split>
          <split:id type="guid">7b92912a70044f50b3cb66d950077c12</split:id>
          <split:reconciled-state>n</split:reconciled-state>
          <split:value>-600/100</split:value>
          <split:quantity>-600/100</split:quantity>
          <split:account type="guid">553b5d2e14b58aefb11f703f9ab90513</split:account>
        </trn:split>
      </trn:splits>
    </gnc:transaction>
    <gnc:transaction version="2.0.0">
      <trn:id type="guid">e3c11f1cbef2499a8641a36e57afda39</trn:id>
      <trn:currency>
        <cmdty:space>ISO4217</cmdty:space>
        <cmdty:id>INR</cmdty:id>
      </trn:currency>
      <trn:date-posted>
        <ts:date>2017-10-10 16:29:00 +0530</ts:date>
      </trn:date-posted>
      <trn:date-entered>
        <ts:date>2017-10-11 00:06:45 +0530</ts:date>
      </trn:date-entered>
      <trn:description>Cigaratte for Aflah</trn:description>
      <trn:slots />
      <trn:splits>
        <trn:split>
          <split:id type="guid">8479e2b3870548c1be9cf3e810004ea6</split:id>
          <split:reconciled-state>n</split:reconciled-state>
          <split:value>-1000/100</split:value>
          <split:quantity>-1000/100</split:quantity>
          <split:account type="guid">553b5d2e14b58aefb11f703f9ab90513</split:account>
        </trn:split>
        <trn:split>
          <split:id type="guid">85db504733f34caeb86ef8c6a08b14e8</split:id>
          <split:reconciled-state>n</split:reconciled-state>
          <split:value>1000/100</split:value>
          <split:quantity>1000/100</split:quantity>
          <split:account type="guid">85418ce9b06bb61c68b6e93462c2d396</split:account>
        </trn:split>
      </trn:splits>
    </gnc:transaction>
    <gnc:transaction version="2.0.0">
      <trn:id type="guid">0338895fb1a34778956c4d6135859bc6</trn:id>
      <trn:currency>
        <cmdty:space>ISO4217</cmdty:space>
        <cmdty:id>INR</cmdty:id>
      </trn:currency>
      <trn:date-posted>
        <ts:date>2017-10-11 16:29:00 +0530</ts:date>
      </trn:date-posted>
      <trn:date-entered>
        <ts:date>2017-10-12 05:21:31 +0530</ts:date>
      </trn:date-entered>
      <trn:description>Soudam (Vattathani) - Vailathoor</trn:description>
      <trn:slots />
      <trn:splits>
        <trn:split>
          <split:id type="guid">0004fef60ed748e8bfa5b3f684dae470</split:id>
          <split:reconciled-state>n</split:reconciled-state>
          <split:value>-700/100</split:value>
          <split:quantity>-700/100</split:quantity>
          <split:account type="guid">553b5d2e14b58aefb11f703f9ab90513</split:account>
        </trn:split>
        <trn:split>
          <split:id type="guid">258024f63c024e80ac443d6fbcdf3373</split:id>
          <split:reconciled-state>n</split:reconciled-state>
          <split:value>700/100</split:value>
          <split:quantity>700/100</split:quantity>
          <split:account type="guid">c312117378cdfec8b727dcfb6dce302d</split:account>
        </trn:split>
      </trn:splits>
    </gnc:transaction>
    <gnc:transaction version="2.0.0">
      <trn:id type="guid">3045d5431f834ea1946b9683f35a9a69</trn:id>
      <trn:currency>
        <cmdty:space>ISO4217</cmdty:space>
        <cmdty:id>INR</cmdty:id>
      </trn:currency>
      <trn:date-posted>
        <ts:date>2017-10-11 16:29:00 +0530</ts:date>
      </trn:date-posted>
      <trn:date-entered>
        <ts:date>2017-10-12 05:22:11 +0530</ts:date>
      </trn:date-entered>
      <trn:description>Valanchery - Athipatta</trn:description>
      <trn:slots />
      <trn:splits>
        <trn:split>
          <split:id type="guid">1ddb3269f41e479a8b42d8529f15ea03</split:id>
          <split:reconciled-state>n</split:reconciled-state>
          <split:value>700/100</split:value>
          <split:quantity>700/100</split:quantity>
          <split:account type="guid">c312117378cdfec8b727dcfb6dce302d</split:account>
        </trn:split>
        <trn:split>
          <split:id type="guid">aa868252ee894b5da445807359192259</split:id>
          <split:reconciled-state>n</split:reconciled-state>
          <split:value>-700/100</split:value>
          <split:quantity>-700/100</split:quantity>
          <split:account type="guid">553b5d2e14b58aefb11f703f9ab90513</split:account>
        </trn:split>
      </trn:splits>
    </gnc:transaction>
    <gnc:transaction version="2.0.0">
      <trn:id type="guid">3e3560cf45f448368762ba9fcd1b561f</trn:id>
      <trn:currency>
        <cmdty:space>ISO4217</cmdty:space>
        <cmdty:id>INR</cmdty:id>
      </trn:currency>
      <trn:date-posted>
        <ts:date>2017-10-11 16:29:00 +0530</ts:date>
      </trn:date-posted>
      <trn:date-entered>
        <ts:date>2017-10-12 05:25:26 +0530</ts:date>
      </trn:date-entered>
      <trn:description>Achar</trn:description>
      <trn:slots />
      <trn:splits>
        <trn:split>
          <split:id type="guid">131f98cd3c944480a1106b5982cfcc41</split:id>
          <split:reconciled-state>n</split:reconciled-state>
          <split:value>500/100</split:value>
          <split:quantity>500/100</split:quantity>
          <split:account type="guid">be79ef9fd18cdc5457953404d8f8676b</split:account>
        </trn:split>
        <trn:split>
          <split:id type="guid">ba250ffd6ddb4aa6a71046a372f67314</split:id>
          <split:reconciled-state>n</split:reconciled-state>
          <split:value>-500/100</split:value>
          <split:quantity>-500/100</split:quantity>
          <split:account type="guid">553b5d2e14b58aefb11f703f9ab90513</split:account>
        </trn:split>
      </trn:splits>
    </gnc:transaction>
    <gnc:transaction version="2.0.0">
      <trn:id type="guid">4abc26de573540f1b4b61fc680db2db4</trn:id>
      <trn:currency>
        <cmdty:space>ISO4217</cmdty:space>
        <cmdty:id>INR</cmdty:id>
      </trn:currency>
      <trn:date-posted>
        <ts:date>2017-10-11 16:29:00 +0530</ts:date>
      </trn:date-posted>
      <trn:date-entered>
        <ts:date>2017-10-12 23:20:21 +0530</ts:date>
      </trn:date-entered>
      <trn:description>Tirur - Puthentheru</trn:description>
      <trn:slots />
      <trn:splits>
        <trn:split>
          <split:id type="guid">4b6c7ad51abd4e6d9f830868394f87ab</split:id>
          <split:reconciled-state>n</split:reconciled-state>
          <split:value>-900/100</split:value>
          <split:quantity>-900/100</split:quantity>
          <split:account type="guid">553b5d2e14b58aefb11f703f9ab90513</split:account>
        </trn:split>
        <trn:split>
          <split:id type="guid">73bcf7a4b3ad464b9f3fa0958ae6f3d0</split:id>
          <split:reconciled-state>n</split:reconciled-state>
          <split:value>900/100</split:value>
          <split:quantity>900/100</split:quantity>
          <split:account type="guid">c312117378cdfec8b727dcfb6dce302d</split:account>
        </trn:split>
      </trn:splits>
    </gnc:transaction>
    <gnc:transaction version="2.0.0">
      <trn:id type="guid">670395dd57fe4c55a5938f8bbc20c01c</trn:id>
      <trn:currency>
        <cmdty:space>ISO4217</cmdty:space>
        <cmdty:id>INR</cmdty:id>
      </trn:currency>
      <trn:date-posted>
        <ts:date>2017-10-11 16:29:00 +0530</ts:date>
      </trn:date-posted>
      <trn:date-entered>
        <ts:date>2017-10-12 05:29:10 +0530</ts:date>
      </trn:date-entered>
      <trn:description>Bhel poori</trn:description>
      <trn:slots />
      <trn:splits>
        <trn:split>
          <split:id type="guid">1534056cf40747c2a8cdb6deb51baba0</split:id>
          <split:reconciled-state>n</split:reconciled-state>
          <split:value>3000/100</split:value>
          <split:quantity>3000/100</split:quantity>
          <split:account type="guid">be79ef9fd18cdc5457953404d8f8676b</split:account>
        </trn:split>
        <trn:split>
          <split:id type="guid">c4d8d60a4c3f4a9592e6b1abef1ead4b</split:id>
          <split:reconciled-state>n</split:reconciled-state>
          <split:value>-3000/100</split:value>
          <split:quantity>-3000/100</split:quantity>
          <split:account type="guid">553b5d2e14b58aefb11f703f9ab90513</split:account>
        </trn:split>
      </trn:splits>
    </gnc:transaction>
    <gnc:transaction version="2.0.0">
      <trn:id type="guid">6cc5c3490ce64342ab6f800cb57d0458</trn:id>
      <trn:currency>
        <cmdty:space>ISO4217</cmdty:space>
        <cmdty:id>INR</cmdty:id>
      </trn:currency>
      <trn:date-posted>
        <ts:date>2017-10-11 16:29:00 +0530</ts:date>
      </trn:date-posted>
      <trn:date-entered>
        <ts:date>2017-10-12 05:28:28 +0530</ts:date>
      </trn:date-entered>
      <trn:description>Athipatta - Valanchery</trn:description>
      <trn:slots />
      <trn:splits>
        <trn:split>
          <split:id type="guid">8ef7abe46ec24d0eab1c6ada98d4413d</split:id>
          <split:reconciled-state>n</split:reconciled-state>
          <split:value>700/100</split:value>
          <split:quantity>700/100</split:quantity>
          <split:account type="guid">c312117378cdfec8b727dcfb6dce302d</split:account>
        </trn:split>
        <trn:split>
          <split:id type="guid">b2f4593a77494e93a079c07c52f65e50</split:id>
          <split:reconciled-state>n</split:reconciled-state>
          <split:value>-700/100</split:value>
          <split:quantity>-700/100</split:quantity>
          <split:account type="guid">553b5d2e14b58aefb11f703f9ab90513</split:account>
        </trn:split>
      </trn:splits>
    </gnc:transaction>
    <gnc:transaction version="2.0.0">
      <trn:id type="guid">70cd9818dcad46d6898fb59095c9a44f</trn:id>
      <trn:currency>
        <cmdty:space>ISO4217</cmdty:space>
        <cmdty:id>INR</cmdty:id>
      </trn:currency>
      <trn:date-posted>
        <ts:date>2017-10-11 16:29:00 +0530</ts:date>
      </trn:date-posted>
      <trn:date-entered>
        <ts:date>2017-10-12 05:21:58 +0530</ts:date>
      </trn:date-entered>
      <trn:description>Vailathoor - Valanchery</trn:description>
      <trn:slots />
      <trn:splits>
        <trn:split>
          <split:id type="guid">022d006b9488409a92c199d7ce12e4b3</split:id>
          <split:reconciled-state>n</split:reconciled-state>
          <split:value>1500/100</split:value>
          <split:quantity>1500/100</split:quantity>
          <split:account type="guid">c312117378cdfec8b727dcfb6dce302d</split:account>
        </trn:split>
        <trn:split>
          <split:id type="guid">3acd89f699634312be7fbe9d38b8f764</split:id>
          <split:reconciled-state>n</split:reconciled-state>
          <split:value>-1500/100</split:value>
          <split:quantity>-1500/100</split:quantity>
          <split:account type="guid">553b5d2e14b58aefb11f703f9ab90513</split:account>
        </trn:split>
      </trn:splits>
    </gnc:transaction>
    <gnc:transaction version="2.0.0">
      <trn:id type="guid">b171602133b448d3a9229de8fbb9576d</trn:id>
      <trn:currency>
        <cmdty:space>ISO4217</cmdty:space>
        <cmdty:id>INR</cmdty:id>
      </trn:currency>
      <trn:date-posted>
        <ts:date>2017-10-11 16:29:00 +0530</ts:date>
      </trn:date-posted>
      <trn:date-entered>
        <ts:date>2017-10-12 05:26:21 +0530</ts:date>
      </trn:date-entered>
      <trn:description>From ziyad for Achar</trn:description>
      <trn:slots />
      <trn:splits>
        <trn:split>
          <split:id type="guid">4aaa2137be9f41edba413946a7cd4f62</split:id>
          <split:reconciled-state>n</split:reconciled-state>
          <split:value>200/100</split:value>
          <split:quantity>200/100</split:quantity>
          <split:account type="guid">553b5d2e14b58aefb11f703f9ab90513</split:account>
        </trn:split>
        <trn:split>
          <split:id type="guid">e8f1ac74781d486c809340efc2c78a11</split:id>
          <split:reconciled-state>n</split:reconciled-state>
          <split:value>-200/100</split:value>
          <split:quantity>-200/100</split:quantity>
          <split:account type="guid">fca09bef8983fdb4840ec74efcf02b36</split:account>
        </trn:split>
      </trn:splits>
    </gnc:transaction>
    <gnc:transaction version="2.0.0">
      <trn:id type="guid">c03e9c5b73054adc841d74835c4973d7</trn:id>
      <trn:currency>
        <cmdty:space>ISO4217</cmdty:space>
        <cmdty:id>INR</cmdty:id>
      </trn:currency>
      <trn:date-posted>
        <ts:date>2017-10-11 16:29:00 +0530</ts:date>
      </trn:date-posted>
      <trn:date-entered>
        <ts:date>2017-10-12 05:23:10 +0530</ts:date>
      </trn:date-entered>
      <trn:description>Lunch Biriyani</trn:description>
      <trn:slots />
      <trn:splits>
        <trn:split>
          <split:id type="guid">2e88306f96fe410a8a74b5152c37a38e</split:id>
          <split:reconciled-state>n</split:reconciled-state>
          <split:value>5000/100</split:value>
          <split:quantity>5000/100</split:quantity>
          <split:account type="guid">fb92d7100206dd6251b9a970526df074</split:account>
        </trn:split>
        <trn:split>
          <split:id type="guid">9d9dfb3573684cf090f904d90bfa9507</split:id>
          <split:reconciled-state>n</split:reconciled-state>
          <split:value>-5000/100</split:value>
          <split:quantity>-5000/100</split:quantity>
          <split:account type="guid">553b5d2e14b58aefb11f703f9ab90513</split:account>
        </trn:split>
      </trn:splits>
    </gnc:transaction>
    <gnc:transaction version="2.0.0">
      <trn:id type="guid">fab2d20b57ee44c5ad5f1dd06c8a920f</trn:id>
      <trn:currency>
        <cmdty:space>ISO4217</cmdty:space>
        <cmdty:id>INR</cmdty:id>
      </trn:currency>
      <trn:date-posted>
        <ts:date>2017-10-11 16:29:00 +0530</ts:date>
      </trn:date-posted>
      <trn:date-entered>
        <ts:date>2017-10-12 05:29:47 +0530</ts:date>
      </trn:date-entered>
      <trn:description>Vellam for Billi - Nidhin S 3 CS CCETV</trn:description>
      <trn:slots />
      <trn:splits>
        <trn:split>
          <split:id type="guid">034dba2c259845e9ab9f022d92811205</split:id>
          <split:reconciled-state>n</split:reconciled-state>
          <split:value>-1000/100</split:value>
          <split:quantity>-1000/100</split:quantity>
          <split:account type="guid">553b5d2e14b58aefb11f703f9ab90513</split:account>
        </trn:split>
        <trn:split>
          <split:id type="guid">228ba8c5e06443fd89f81f1d91b9dc91</split:id>
          <split:reconciled-state>n</split:reconciled-state>
          <split:value>1000/100</split:value>
          <split:quantity>1000/100</split:quantity>
          <split:account type="guid">69f48ac9b1e4b564aa840e194cec2641</split:account>
        </trn:split>
      </trn:splits>
    </gnc:transaction>
    <gnc:transaction version="2.0.0">
      <trn:id type="guid">fd9caf9bca6c43688a718eba7d82f835</trn:id>
      <trn:currency>
        <cmdty:space>ISO4217</cmdty:space>
        <cmdty:id>INR</cmdty:id>
      </trn:currency>
      <trn:date-posted>
        <ts:date>2017-10-11 16:29:00 +0530</ts:date>
      </trn:date-posted>
      <trn:date-entered>
        <ts:date>2017-10-12 05:28:40 +0530</ts:date>
      </trn:date-entered>
      <trn:description>Valanchery - Tirur</trn:description>
      <trn:slots />
      <trn:splits>
        <trn:split>
          <split:id type="guid">9379631445764bf39fc8f6d54fe49048</split:id>
          <split:reconciled-state>n</split:reconciled-state>
          <split:value>-1800/100</split:value>
          <split:quantity>-1800/100</split:quantity>
          <split:account type="guid">553b5d2e14b58aefb11f703f9ab90513</split:account>
        </trn:split>
        <trn:split>
          <split:id type="guid">9d4a05f0097a4d3fad1000d6a35cc44b</split:id>
          <split:reconciled-state>n</split:reconciled-state>
          <split:value>1800/100</split:value>
          <split:quantity>1800/100</split:quantity>
          <split:account type="guid">c312117378cdfec8b727dcfb6dce302d</split:account>
        </trn:split>
      </trn:splits>
    </gnc:transaction>
    <gnc:transaction version="2.0.0">
      <trn:id type="guid">21bf77074e7c43579430cda3c684db5f</trn:id>
      <trn:currency>
        <cmdty:space>ISO4217</cmdty:space>
        <cmdty:id>INR</cmdty:id>
      </trn:currency>
      <trn:date-posted>
        <ts:date>2017-10-12 16:29:00 +0530</ts:date>
      </trn:date-posted>
      <trn:date-entered>
        <ts:date>2017-10-12 23:20:33 +0530</ts:date>
      </trn:date-entered>
      <trn:description>Soudam (Vattathani) - Vailathoor</trn:description>
      <trn:slots />
      <trn:splits>
        <trn:split>
          <split:id type="guid">9cba5323632f4d15815c7e435e5b41b9</split:id>
          <split:reconciled-state>n</split:reconciled-state>
          <split:value>-700/100</split:value>
          <split:quantity>-700/100</split:quantity>
          <split:account type="guid">553b5d2e14b58aefb11f703f9ab90513</split:account>
        </trn:split>
        <trn:split>
          <split:id type="guid">d67098450e084cbbbdf75fd7a75601eb</split:id>
          <split:reconciled-state>n</split:reconciled-state>
          <split:value>700/100</split:value>
          <split:quantity>700/100</split:quantity>
          <split:account type="guid">c312117378cdfec8b727dcfb6dce302d</split:account>
        </trn:split>
      </trn:splits>
    </gnc:transaction>
    <gnc:transaction version="2.0.0">
      <trn:id type="guid">28da3ff98cbc4ca292d7c69b1546d832</trn:id>
      <trn:currency>
        <cmdty:space>ISO4217</cmdty:space>
        <cmdty:id>INR</cmdty:id>
      </trn:currency>
      <trn:date-posted>
        <ts:date>2017-10-12 16:29:00 +0530</ts:date>
      </trn:date-posted>
      <trn:date-entered>
        <ts:date>2017-10-12 23:21:05 +0530</ts:date>
      </trn:date-entered>
      <trn:description>Vailathoor - Valanchery</trn:description>
      <trn:slots />
      <trn:splits>
        <trn:split>
          <split:id type="guid">82615cad0c064226a1f81d27bde63bc3</split:id>
          <split:reconciled-state>n</split:reconciled-state>
          <split:value>500/100</split:value>
          <split:quantity>500/100</split:quantity>
          <split:account type="guid">c312117378cdfec8b727dcfb6dce302d</split:account>
        </trn:split>
        <trn:split>
          <split:id type="guid">93d0702f7c154e46a11ff02cf8bb7b4f</split:id>
          <split:reconciled-state>n</split:reconciled-state>
          <split:value>-500/100</split:value>
          <split:quantity>-500/100</split:quantity>
          <split:account type="guid">553b5d2e14b58aefb11f703f9ab90513</split:account>
        </trn:split>
      </trn:splits>
    </gnc:transaction>
    <gnc:transaction version="2.0.0">
      <trn:id type="guid">2cc101dceb1c481a8d3e07fb1bfcbd1e</trn:id>
      <trn:currency>
        <cmdty:space>ISO4217</cmdty:space>
        <cmdty:id>INR</cmdty:id>
      </trn:currency>
      <trn:date-posted>
        <ts:date>2017-10-12 16:29:00 +0530</ts:date>
      </trn:date-posted>
      <trn:date-entered>
        <ts:date>2017-10-12 23:24:35 +0530</ts:date>
      </trn:date-entered>
      <trn:description>Vengad - Valanchery</trn:description>
      <trn:slots />
      <trn:splits>
        <trn:split>
          <split:id type="guid">6ea1af33b99f47b3ba3b41fd75d51b68</split:id>
          <split:reconciled-state>n</split:reconciled-state>
          <split:value>900/100</split:value>
          <split:quantity>900/100</split:quantity>
          <split:account type="guid">c312117378cdfec8b727dcfb6dce302d</split:account>
        </trn:split>
        <trn:split>
          <split:id type="guid">e7751c0a39804934b37410a7ee2df947</split:id>
          <split:reconciled-state>n</split:reconciled-state>
          <split:value>-900/100</split:value>
          <split:quantity>-900/100</split:quantity>
          <split:account type="guid">553b5d2e14b58aefb11f703f9ab90513</split:account>
        </trn:split>
      </trn:splits>
    </gnc:transaction>
    <gnc:transaction version="2.0.0">
      <trn:id type="guid">4a326909d3ab418c9a39ddff655c446f</trn:id>
      <trn:currency>
        <cmdty:space>ISO4217</cmdty:space>
        <cmdty:id>INR</cmdty:id>
      </trn:currency>
      <trn:date-posted>
        <ts:date>2017-10-12 16:29:00 +0530</ts:date>
      </trn:date-posted>
      <trn:date-entered>
        <ts:date>2017-10-12 23:25:17 +0530</ts:date>
      </trn:date-entered>
      <trn:description>Tirur - Prism</trn:description>
      <trn:slots />
      <trn:splits>
        <trn:split>
          <split:id type="guid">92762fc336134e78ae6e8a14ec643e7a</split:id>
          <split:reconciled-state>n</split:reconciled-state>
          <split:value>700/100</split:value>
          <split:quantity>700/100</split:quantity>
          <split:account type="guid">3bea634a24c6275cf8319463ffde8468</split:account>
        </trn:split>
        <trn:split>
          <split:id type="guid">f065ded2cc314b6bb49611ded787ac3c</split:id>
          <split:reconciled-state>n</split:reconciled-state>
          <split:value>-700/100</split:value>
          <split:quantity>-700/100</split:quantity>
          <split:account type="guid">553b5d2e14b58aefb11f703f9ab90513</split:account>
        </trn:split>
      </trn:splits>
    </gnc:transaction>
    <gnc:transaction version="2.0.0">
      <trn:id type="guid">4ba00f25a04c4dac977e9258e9794549</trn:id>
      <trn:currency>
        <cmdty:space>ISO4217</cmdty:space>
        <cmdty:id>INR</cmdty:id>
      </trn:currency>
      <trn:date-posted>
        <ts:date>2017-10-12 16:29:00 +0530</ts:date>
      </trn:date-posted>
      <trn:date-entered>
        <ts:date>2017-10-12 23:27:16 +0530</ts:date>
      </trn:date-entered>
      <trn:description>Tirur - Puthentheru</trn:description>
      <trn:slots />
      <trn:splits>
        <trn:split>
          <split:id type="guid">68463aeafcfb4f88a801dd89995ed933</split:id>
          <split:reconciled-state>n</split:reconciled-state>
          <split:value>900/100</split:value>
          <split:quantity>900/100</split:quantity>
          <split:account type="guid">c312117378cdfec8b727dcfb6dce302d</split:account>
        </trn:split>
        <trn:split>
          <split:id type="guid">b1c0c3273833461eb420429f8f8d0945</split:id>
          <split:reconciled-state>n</split:reconciled-state>
          <split:value>-900/100</split:value>
          <split:quantity>-900/100</split:quantity>
          <split:account type="guid">553b5d2e14b58aefb11f703f9ab90513</split:account>
        </trn:split>
      </trn:splits>
    </gnc:transaction>
    <gnc:transaction version="2.0.0">
      <trn:id type="guid">5a933143b68f4b49953c370f24e15fd5</trn:id>
      <trn:currency>
        <cmdty:space>ISO4217</cmdty:space>
        <cmdty:id>INR</cmdty:id>
      </trn:currency>
      <trn:date-posted>
        <ts:date>2017-10-12 16:29:00 +0530</ts:date>
      </trn:date-posted>
      <trn:date-entered>
        <ts:date>2017-10-12 23:23:51 +0530</ts:date>
      </trn:date-entered>
      <trn:description>From PNB</trn:description>
      <trn:slots />
      <trn:splits>
        <trn:split>
          <split:id type="guid">36ae759588ca483492248a2a6fe6d51a</split:id>
          <split:reconciled-state>n</split:reconciled-state>
          <split:value>-20000/100</split:value>
          <split:quantity>-20000/100</split:quantity>
          <split:account type="guid">9e0f17a6e30bce6e697048ae58a35073</split:account>
        </trn:split>
        <trn:split>
          <split:id type="guid">a6e27bcc910c4d4aaa84af27fbfc3301</split:id>
          <split:reconciled-state>n</split:reconciled-state>
          <split:value>20000/100</split:value>
          <split:quantity>20000/100</split:quantity>
          <split:account type="guid">553b5d2e14b58aefb11f703f9ab90513</split:account>
        </trn:split>
      </trn:splits>
    </gnc:transaction>
    <gnc:transaction version="2.0.0">
      <trn:id type="guid">77190048ecbb4bcea06314874490cbe3</trn:id>
      <trn:currency>
        <cmdty:space>ISO4217</cmdty:space>
        <cmdty:id>INR</cmdty:id>
      </trn:currency>
      <trn:date-posted>
        <ts:date>2017-10-12 16:29:00 +0530</ts:date>
      </trn:date-posted>
      <trn:date-entered>
        <ts:date>2017-10-12 23:26:42 +0530</ts:date>
      </trn:date-entered>
      <trn:description>Prism - Tirur</trn:description>
      <trn:slots />
      <trn:splits>
        <trn:split>
          <split:id type="guid">32c4fd4d7298446db454898928512223</split:id>
          <split:reconciled-state>n</split:reconciled-state>
          <split:value>-700/100</split:value>
          <split:quantity>-700/100</split:quantity>
          <split:account type="guid">553b5d2e14b58aefb11f703f9ab90513</split:account>
        </trn:split>
        <trn:split>
          <split:id type="guid">890f2c4b10c546ecbaf0d78e7e06078c</split:id>
          <split:reconciled-state>n</split:reconciled-state>
          <split:value>700/100</split:value>
          <split:quantity>700/100</split:quantity>
          <split:account type="guid">3bea634a24c6275cf8319463ffde8468</split:account>
        </trn:split>
      </trn:splits>
    </gnc:transaction>
    <gnc:transaction version="2.0.0">
      <trn:id type="guid">7a305826b8174e7b9518b04d0f65ebe5</trn:id>
      <trn:currency>
        <cmdty:space>ISO4217</cmdty:space>
        <cmdty:id>INR</cmdty:id>
      </trn:currency>
      <trn:date-posted>
        <ts:date>2017-10-12 16:29:00 +0530</ts:date>
      </trn:date-posted>
      <trn:date-entered>
        <ts:date>2017-10-12 23:21:15 +0530</ts:date>
      </trn:date-entered>
      <trn:description>Valanchery - Athipatta</trn:description>
      <trn:slots />
      <trn:splits>
        <trn:split>
          <split:id type="guid">6785d00141714d5bb94d2a9391b476fd</split:id>
          <split:reconciled-state>n</split:reconciled-state>
          <split:value>-700/100</split:value>
          <split:quantity>-700/100</split:quantity>
          <split:account type="guid">553b5d2e14b58aefb11f703f9ab90513</split:account>
        </trn:split>
        <trn:split>
          <split:id type="guid">e0cd818ea4da47a9aed36b74d3bdd8e7</split:id>
          <split:reconciled-state>n</split:reconciled-state>
          <split:value>700/100</split:value>
          <split:quantity>700/100</split:quantity>
          <split:account type="guid">c312117378cdfec8b727dcfb6dce302d</split:account>
        </trn:split>
      </trn:splits>
    </gnc:transaction>
    <gnc:transaction version="2.0.0">
      <trn:id type="guid">8d7b36d52b894f00a54e2e3597d43603</trn:id>
      <trn:currency>
        <cmdty:space>ISO4217</cmdty:space>
        <cmdty:id>INR</cmdty:id>
      </trn:currency>
      <trn:date-posted>
        <ts:date>2017-10-12 16:29:00 +0530</ts:date>
      </trn:date-posted>
      <trn:date-entered>
        <ts:date>2017-10-12 23:26:10 +0530</ts:date>
      </trn:date-entered>
      <trn:description>Barbershop - shave</trn:description>
      <trn:slots />
      <trn:splits>
        <trn:split>
          <split:id type="guid">3a08a2d06711412a8c4cd8866f10fdff</split:id>
          <split:reconciled-state>n</split:reconciled-state>
          <split:value>6000/100</split:value>
          <split:quantity>6000/100</split:quantity>
          <split:account type="guid">59e7553def57ad963f3442c55297c42f</split:account>
        </trn:split>
        <trn:split>
          <split:id type="guid">951107dd404541b7b94c96d66339ac18</split:id>
          <split:reconciled-state>n</split:reconciled-state>
          <split:value>-6000/100</split:value>
          <split:quantity>-6000/100</split:quantity>
          <split:account type="guid">553b5d2e14b58aefb11f703f9ab90513</split:account>
        </trn:split>
      </trn:splits>
    </gnc:transaction>
    <gnc:transaction version="2.0.0">
      <trn:id type="guid">a5ccbdea06ac44d2a014435e0b2cff70</trn:id>
      <trn:currency>
        <cmdty:space>ISO4217</cmdty:space>
        <cmdty:id>INR</cmdty:id>
      </trn:currency>
      <trn:date-posted>
        <ts:date>2017-10-12 16:29:00 +0530</ts:date>
      </trn:date-posted>
      <trn:date-entered>
        <ts:date>2017-10-12 23:24:30 +0530</ts:date>
      </trn:date-entered>
      <trn:description>Valanchery - Tirur</trn:description>
      <trn:slots />
      <trn:splits>
        <trn:split>
          <split:id type="guid">ddb621a329c84fb5a075dbba6340220f</split:id>
          <split:reconciled-state>n</split:reconciled-state>
          <split:value>-1800/100</split:value>
          <split:quantity>-1800/100</split:quantity>
          <split:account type="guid">553b5d2e14b58aefb11f703f9ab90513</split:account>
        </trn:split>
        <trn:split>
          <split:id type="guid">ff464849c2bd4d3ba44b56624e4391f8</split:id>
          <split:reconciled-state>n</split:reconciled-state>
          <split:value>1800/100</split:value>
          <split:quantity>1800/100</split:quantity>
          <split:account type="guid">c312117378cdfec8b727dcfb6dce302d</split:account>
        </trn:split>
      </trn:splits>
    </gnc:transaction>
    <gnc:transaction version="2.0.0">
      <trn:id type="guid">c2861d399bd84b7599f242ff113bea26</trn:id>
      <trn:currency>
        <cmdty:space>ISO4217</cmdty:space>
        <cmdty:id>INR</cmdty:id>
      </trn:currency>
      <trn:date-posted>
        <ts:date>2017-10-12 16:29:00 +0530</ts:date>
      </trn:date-posted>
      <trn:date-entered>
        <ts:date>2017-10-12 23:21:53 +0530</ts:date>
      </trn:date-entered>
      <trn:description>Notebook</trn:description>
      <trn:slots />
      <trn:splits>
        <trn:split>
          <split:id type="guid">1b9beaa2b57d473f9602ab4cc354d552</split:id>
          <split:reconciled-state>n</split:reconciled-state>
          <split:value>3000/100</split:value>
          <split:quantity>3000/100</split:quantity>
          <split:account type="guid">f9a1d1cef34f3bc4b026406f061bcc3c</split:account>
        </trn:split>
        <trn:split>
          <split:id type="guid">90ed88b5155847ed9c48554464cc534e</split:id>
          <split:reconciled-state>n</split:reconciled-state>
          <split:value>-3000/100</split:value>
          <split:quantity>-3000/100</split:quantity>
          <split:account type="guid">553b5d2e14b58aefb11f703f9ab90513</split:account>
        </trn:split>
      </trn:splits>
    </gnc:transaction>
    <gnc:transaction version="2.0.0">
      <trn:id type="guid">c64f1cf9ea8549b498ed36b2db97c292</trn:id>
      <trn:currency>
        <cmdty:space>ISO4217</cmdty:space>
        <cmdty:id>INR</cmdty:id>
      </trn:currency>
      <trn:date-posted>
        <ts:date>2017-10-12 16:29:00 +0530</ts:date>
      </trn:date-posted>
      <trn:date-entered>
        <ts:date>2017-10-12 23:27:30 +0530</ts:date>
      </trn:date-entered>
      <trn:description>Pattani single</trn:description>
      <trn:slots />
      <trn:splits>
        <trn:split>
          <split:id type="guid">7268209c539148848d6ee6153d3d7bf9</split:id>
          <split:reconciled-state>n</split:reconciled-state>
          <split:value>2500/100</split:value>
          <split:quantity>2500/100</split:quantity>
          <split:account type="guid">be79ef9fd18cdc5457953404d8f8676b</split:account>
        </trn:split>
        <trn:split>
          <split:id type="guid">ac71b2de1922435d880489bad2e648f6</split:id>
          <split:reconciled-state>n</split:reconciled-state>
          <split:value>-2500/100</split:value>
          <split:quantity>-2500/100</split:quantity>
          <split:account type="guid">553b5d2e14b58aefb11f703f9ab90513</split:account>
        </trn:split>
      </trn:splits>
    </gnc:transaction>
    <gnc:transaction version="2.0.0">
      <trn:id type="guid">d3279c848a5d46789a2b4390e03e3e03</trn:id>
      <trn:currency>
        <cmdty:space>ISO4217</cmdty:space>
        <cmdty:id>INR</cmdty:id>
      </trn:currency>
      <trn:date-posted>
        <ts:date>2017-10-12 16:29:00 +0530</ts:date>
      </trn:date-posted>
      <trn:date-entered>
        <ts:date>2017-10-12 23:23:28 +0530</ts:date>
      </trn:date-entered>
      <trn:description>To Safa for IEDC membership</trn:description>
      <trn:slots />
      <trn:splits>
        <trn:split>
          <split:id type="guid">118a38040b9442459f4d9855c045bf45</split:id>
          <split:reconciled-state>n</split:reconciled-state>
          <split:value>5000/100</split:value>
          <split:quantity>5000/100</split:quantity>
          <split:account type="guid">cf485ce5a9cf65f5ef33338405c9380b</split:account>
        </trn:split>
        <trn:split>
          <split:id type="guid">6b1546d86c374a82817cfcfe45c2b333</split:id>
          <split:reconciled-state>n</split:reconciled-state>
          <split:value>-5000/100</split:value>
          <split:quantity>-5000/100</split:quantity>
          <split:account type="guid">553b5d2e14b58aefb11f703f9ab90513</split:account>
        </trn:split>
      </trn:splits>
    </gnc:transaction>
    <gnc:transaction version="2.0.0">
      <trn:id type="guid">f581572b53e04c1da5eecfaafb05eea5</trn:id>
      <trn:currency>
        <cmdty:space>ISO4217</cmdty:space>
        <cmdty:id>INR</cmdty:id>
      </trn:currency>
      <trn:date-posted>
        <ts:date>2017-10-12 16:29:00 +0530</ts:date>
      </trn:date-posted>
      <trn:date-entered>
        <ts:date>2017-10-12 23:22:05 +0530</ts:date>
      </trn:date-entered>
      <trn:description>Lunch Biriyani</trn:description>
      <trn:slots />
      <trn:splits>
        <trn:split>
          <split:id type="guid">83a7516ed8b34e999e4cabb00b861afb</split:id>
          <split:reconciled-state>n</split:reconciled-state>
          <split:value>5000/100</split:value>
          <split:quantity>5000/100</split:quantity>
          <split:account type="guid">fb92d7100206dd6251b9a970526df074</split:account>
        </trn:split>
        <trn:split>
          <split:id type="guid">acd9bcd0a4484c0ab3ea3045ddea4af9</split:id>
          <split:reconciled-state>n</split:reconciled-state>
          <split:value>-5000/100</split:value>
          <split:quantity>-5000/100</split:quantity>
          <split:account type="guid">553b5d2e14b58aefb11f703f9ab90513</split:account>
        </trn:split>
      </trn:splits>
    </gnc:transaction>
    <gnc:transaction version="2.0.0">
      <trn:id type="guid">0e28e19088854539a30fb09a83838d9d</trn:id>
      <trn:currency>
        <cmdty:space>ISO4217</cmdty:space>
        <cmdty:id>INR</cmdty:id>
      </trn:currency>
      <trn:date-posted>
        <ts:date>2017-10-13 16:29:00 +0530</ts:date>
      </trn:date-posted>
      <trn:date-entered>
        <ts:date>2017-10-14 08:27:20 +0530</ts:date>
      </trn:date-entered>
      <trn:description>Valanchery - Tirur</trn:description>
      <trn:slots />
      <trn:splits>
        <trn:split>
          <split:id type="guid">2bd7eaafce0e422697fb59a345dc79d1</split:id>
          <split:reconciled-state>n</split:reconciled-state>
          <split:value>1800/100</split:value>
          <split:quantity>1800/100</split:quantity>
          <split:account type="guid">c312117378cdfec8b727dcfb6dce302d</split:account>
        </trn:split>
        <trn:split>
          <split:id type="guid">2fac7ef85ade4af5bd49f1092d35939e</split:id>
          <split:reconciled-state>n</split:reconciled-state>
          <split:value>-1800/100</split:value>
          <split:quantity>-1800/100</split:quantity>
          <split:account type="guid">553b5d2e14b58aefb11f703f9ab90513</split:account>
        </trn:split>
      </trn:splits>
    </gnc:transaction>
    <gnc:transaction version="2.0.0">
      <trn:id type="guid">0fbd2f2279fc45b39f7ef804a8d98951</trn:id>
      <trn:currency>
        <cmdty:space>ISO4217</cmdty:space>
        <cmdty:id>INR</cmdty:id>
      </trn:currency>
      <trn:date-posted>
        <ts:date>2017-10-13 16:29:00 +0530</ts:date>
      </trn:date-posted>
      <trn:date-entered>
        <ts:date>2017-10-14 08:26:48 +0530</ts:date>
      </trn:date-entered>
      <trn:description>Tea &amp; pokkavada</trn:description>
      <trn:slots />
      <trn:splits>
        <trn:split>
          <split:id type="guid">5f1a0370717a4b878159901f6553f5c2</split:id>
          <split:reconciled-state>n</split:reconciled-state>
          <split:value>-2000/100</split:value>
          <split:quantity>-2000/100</split:quantity>
          <split:account type="guid">553b5d2e14b58aefb11f703f9ab90513</split:account>
        </trn:split>
        <trn:split>
          <split:id type="guid">69add1c68c83430baacd7a14ac86bcb7</split:id>
          <split:reconciled-state>n</split:reconciled-state>
          <split:value>2000/100</split:value>
          <split:quantity>2000/100</split:quantity>
          <split:account type="guid">fb92d7100206dd6251b9a970526df074</split:account>
        </trn:split>
      </trn:splits>
    </gnc:transaction>
    <gnc:transaction version="2.0.0">
      <trn:id type="guid">5871209dfe94495d81bb6227ed0d7a92</trn:id>
      <trn:currency>
        <cmdty:space>ISO4217</cmdty:space>
        <cmdty:id>INR</cmdty:id>
      </trn:currency>
      <trn:date-posted>
        <ts:date>2017-10-13 16:29:00 +0530</ts:date>
      </trn:date-posted>
      <trn:date-entered>
        <ts:date>2017-10-14 08:27:07 +0530</ts:date>
      </trn:date-entered>
      <trn:description>Athipatta - Valanchery</trn:description>
      <trn:slots />
      <trn:splits>
        <trn:split>
          <split:id type="guid">6c997279d13246a3a1a83cb1f085cc35</split:id>
          <split:reconciled-state>n</split:reconciled-state>
          <split:value>-700/100</split:value>
          <split:quantity>-700/100</split:quantity>
          <split:account type="guid">553b5d2e14b58aefb11f703f9ab90513</split:account>
        </trn:split>
        <trn:split>
          <split:id type="guid">b92f468f4f6e4cc3a09f923e0287fa9e</split:id>
          <split:reconciled-state>n</split:reconciled-state>
          <split:value>700/100</split:value>
          <split:quantity>700/100</split:quantity>
          <split:account type="guid">c312117378cdfec8b727dcfb6dce302d</split:account>
        </trn:split>
      </trn:splits>
    </gnc:transaction>
    <gnc:transaction version="2.0.0">
      <trn:id type="guid">99ebfca79fc84382bc1fd7ea68b172d9</trn:id>
      <trn:currency>
        <cmdty:space>ISO4217</cmdty:space>
        <cmdty:id>INR</cmdty:id>
      </trn:currency>
      <trn:date-posted>
        <ts:date>2017-10-13 16:29:00 +0530</ts:date>
      </trn:date-posted>
      <trn:date-entered>
        <ts:date>2017-10-14 08:25:57 +0530</ts:date>
      </trn:date-entered>
      <trn:description>From Safa for her credit</trn:description>
      <trn:slots />
      <trn:splits>
        <trn:split>
          <split:id type="guid">1e93457c1a4647ef8c1aa4fcc21aa684</split:id>
          <split:reconciled-state>n</split:reconciled-state>
          <split:value>5000/100</split:value>
          <split:quantity>5000/100</split:quantity>
          <split:account type="guid">553b5d2e14b58aefb11f703f9ab90513</split:account>
        </trn:split>
        <trn:split>
          <split:id type="guid">de882d16311c4e36894a586f39ef7594</split:id>
          <split:reconciled-state>n</split:reconciled-state>
          <split:value>-5000/100</split:value>
          <split:quantity>-5000/100</split:quantity>
          <split:account type="guid">cf485ce5a9cf65f5ef33338405c9380b</split:account>
        </trn:split>
      </trn:splits>
    </gnc:transaction>
    <gnc:transaction version="2.0.0">
      <trn:id type="guid">a3d1bca3ce304ed5b6d5e8bcbece4f32</trn:id>
      <trn:currency>
        <cmdty:space>ISO4217</cmdty:space>
        <cmdty:id>INR</cmdty:id>
      </trn:currency>
      <trn:date-posted>
        <ts:date>2017-10-13 16:29:00 +0530</ts:date>
      </trn:date-posted>
      <trn:date-entered>
        <ts:date>2017-10-13 10:03:28 +0530</ts:date>
      </trn:date-entered>
      <trn:description>Soudam (Vattathani) - Vailathoor</trn:description>
      <trn:slots />
      <trn:splits>
        <trn:split>
          <split:id type="guid">2c94545d402f4b46bfac383568e75ad5</split:id>
          <split:reconciled-state>n</split:reconciled-state>
          <split:value>-700/100</split:value>
          <split:quantity>-700/100</split:quantity>
          <split:account type="guid">553b5d2e14b58aefb11f703f9ab90513</split:account>
        </trn:split>
        <trn:split>
          <split:id type="guid">c533c612e243474fb6af91ceac8202c3</split:id>
          <split:reconciled-state>n</split:reconciled-state>
          <split:value>700/100</split:value>
          <split:quantity>700/100</split:quantity>
          <split:account type="guid">c312117378cdfec8b727dcfb6dce302d</split:account>
        </trn:split>
      </trn:splits>
    </gnc:transaction>
    <gnc:transaction version="2.0.0">
      <trn:id type="guid">a9a2f45eb62e422ba5febd48e18024f1</trn:id>
      <trn:currency>
        <cmdty:space>ISO4217</cmdty:space>
        <cmdty:id>INR</cmdty:id>
      </trn:currency>
      <trn:date-posted>
        <ts:date>2017-10-13 16:29:00 +0530</ts:date>
      </trn:date-posted>
      <trn:date-entered>
        <ts:date>2017-10-13 10:03:38 +0530</ts:date>
      </trn:date-entered>
      <trn:description>Vailathoor - Valanchery</trn:description>
      <trn:slots />
      <trn:splits>
        <trn:split>
          <split:id type="guid">8e9299dde4174e8a93ea94af5d5e25d2</split:id>
          <split:reconciled-state>n</split:reconciled-state>
          <split:value>-1500/100</split:value>
          <split:quantity>-1500/100</split:quantity>
          <split:account type="guid">553b5d2e14b58aefb11f703f9ab90513</split:account>
        </trn:split>
        <trn:split>
          <split:id type="guid">c2335ddf361c487fb7f73a4eb975b0c1</split:id>
          <split:reconciled-state>n</split:reconciled-state>
          <split:value>1500/100</split:value>
          <split:quantity>1500/100</split:quantity>
          <split:account type="guid">c312117378cdfec8b727dcfb6dce302d</split:account>
        </trn:split>
      </trn:splits>
    </gnc:transaction>
    <gnc:transaction version="2.0.0">
      <trn:id type="guid">dd3c860cec1a41a5ad2bea47b860bad3</trn:id>
      <trn:currency>
        <cmdty:space>ISO4217</cmdty:space>
        <cmdty:id>INR</cmdty:id>
      </trn:currency>
      <trn:date-posted>
        <ts:date>2017-10-13 16:29:00 +0530</ts:date>
      </trn:date-posted>
      <trn:date-entered>
        <ts:date>2017-10-13 10:03:48 +0530</ts:date>
      </trn:date-entered>
      <trn:description>Valanchery - Athipatta</trn:description>
      <trn:slots />
      <trn:splits>
        <trn:split>
          <split:id type="guid">28dcb9d5d871463da9857076ba49fb40</split:id>
          <split:reconciled-state>n</split:reconciled-state>
          <split:value>500/100</split:value>
          <split:quantity>500/100</split:quantity>
          <split:account type="guid">c312117378cdfec8b727dcfb6dce302d</split:account>
        </trn:split>
        <trn:split>
          <split:id type="guid">78faba1ce1d7432e82c505e76c3ba6b1</split:id>
          <split:reconciled-state>n</split:reconciled-state>
          <split:value>-500/100</split:value>
          <split:quantity>-500/100</split:quantity>
          <split:account type="guid">553b5d2e14b58aefb11f703f9ab90513</split:account>
        </trn:split>
      </trn:splits>
    </gnc:transaction>
    <gnc:transaction version="2.0.0">
      <trn:id type="guid">e58ab5949e6148478f3e30e397645f80</trn:id>
      <trn:currency>
        <cmdty:space>ISO4217</cmdty:space>
        <cmdty:id>INR</cmdty:id>
      </trn:currency>
      <trn:date-posted>
        <ts:date>2017-10-13 16:29:00 +0530</ts:date>
      </trn:date-posted>
      <trn:date-entered>
        <ts:date>2017-10-14 08:28:07 +0530</ts:date>
      </trn:date-entered>
      <trn:description>Kadala</trn:description>
      <trn:slots />
      <trn:splits>
        <trn:split>
          <split:id type="guid">2c3abac9bf914d36addd897a27251d8a</split:id>
          <split:reconciled-state>n</split:reconciled-state>
          <split:value>500/100</split:value>
          <split:quantity>500/100</split:quantity>
          <split:account type="guid">06a74487820287f811789e817a2f227c</split:account>
        </trn:split>
        <trn:split>
          <split:id type="guid">8b4639d4df1044fe8e8603ef2f7e41e4</split:id>
          <split:reconciled-state>n</split:reconciled-state>
          <split:value>-500/100</split:value>
          <split:quantity>-500/100</split:quantity>
          <split:account type="guid">553b5d2e14b58aefb11f703f9ab90513</split:account>
        </trn:split>
      </trn:splits>
    </gnc:transaction>
    <gnc:transaction version="2.0.0">
      <trn:id type="guid">2d49dabba73d43629ed76247fd260fc5</trn:id>
      <trn:currency>
        <cmdty:space>ISO4217</cmdty:space>
        <cmdty:id>INR</cmdty:id>
      </trn:currency>
      <trn:date-posted>
        <ts:date>2017-10-14 18:37:10 +0530</ts:date>
      </trn:date-posted>
      <trn:date-entered>
        <ts:date>2017-10-16 18:37:20 +0530</ts:date>
      </trn:date-entered>
      <trn:description>Short</trn:description>
      <trn:slots />
      <trn:splits>
        <trn:split>
          <split:id type="guid">824cc1ff255e4ebf824f5d26eb9607e0</split:id>
          <split:reconciled-state>n</split:reconciled-state>
          <split:value>200/100</split:value>
          <split:quantity>200/100</split:quantity>
          <split:account type="guid">01c9861db926395fd629632ef63a024d</split:account>
        </trn:split>
        <trn:split>
          <split:id type="guid">9901e2b720f84309ae026ce90be1cb12</split:id>
          <split:reconciled-state>n</split:reconciled-state>
          <split:value>-200/100</split:value>
          <split:quantity>-200/100</split:quantity>
          <split:account type="guid">553b5d2e14b58aefb11f703f9ab90513</split:account>
        </trn:split>
      </trn:splits>
    </gnc:transaction>
    <gnc:transaction version="2.0.0">
      <trn:id type="guid">3c4d14a8872b4ee8b6db71e317b90681</trn:id>
      <trn:currency>
        <cmdty:space>ISO4217</cmdty:space>
        <cmdty:id>INR</cmdty:id>
      </trn:currency>
      <trn:date-posted>
        <ts:date>2017-10-14 18:39:56 +0530</ts:date>
      </trn:date-posted>
      <trn:date-entered>
        <ts:date>2017-10-16 18:40:18 +0530</ts:date>
      </trn:date-entered>
      <trn:description>Micher</trn:description>
      <trn:slots />
      <trn:splits>
        <trn:split>
          <split:id type="guid">350ef949648847519fb7c91c8b0ae205</split:id>
          <split:reconciled-state>n</split:reconciled-state>
          <split:value>2000/100</split:value>
          <split:quantity>2000/100</split:quantity>
          <split:account type="guid">7db52a7ac220417a9e82871cbe1d7826</split:account>
        </trn:split>
        <trn:split>
          <split:id type="guid">4f0568e5b4cd4a6f873e103cf2a3cee3</split:id>
          <split:reconciled-state>n</split:reconciled-state>
          <split:value>-2000/100</split:value>
          <split:quantity>-2000/100</split:quantity>
          <split:account type="guid">553b5d2e14b58aefb11f703f9ab90513</split:account>
        </trn:split>
      </trn:splits>
    </gnc:transaction>
    <gnc:transaction version="2.0.0">
      <trn:id type="guid">d7669cd2c5e14d45856202d0faf64de3</trn:id>
      <trn:currency>
        <cmdty:space>ISO4217</cmdty:space>
        <cmdty:id>INR</cmdty:id>
      </trn:currency>
      <trn:date-posted>
        <ts:date>2017-10-19 08:30:25 +0530</ts:date>
      </trn:date-posted>
      <trn:date-entered>
        <ts:date>2017-10-21 09:03:58 +0530</ts:date>
      </trn:date-entered>
      <trn:description>From demonition collection</trn:description>
      <trn:slots />
      <trn:splits>
        <trn:split>
          <split:id type="guid">2ed9b5c0d4ee40c286cdfe5f89f3d02c</split:id>
          <split:reconciled-state>n</split:reconciled-state>
          <split:value>2800/100</split:value>
          <split:quantity>2800/100</split:quantity>
          <split:account type="guid">553b5d2e14b58aefb11f703f9ab90513</split:account>
        </trn:split>
        <trn:split>
          <split:id type="guid">bb0d792221f3458a919aa97cd954f2df</split:id>
          <split:reconciled-state>n</split:reconciled-state>
          <split:value>-2800/100</split:value>
          <split:quantity>-2800/100</split:quantity>
          <split:account type="guid">487432673029b3997a0a515ef6b577ee</split:account>
        </trn:split>
      </trn:splits>
    </gnc:transaction>
    <gnc:transaction version="2.0.0">
      <trn:id type="guid">a11c62004ff34d2c908c1499f1be6396</trn:id>
      <trn:currency>
        <cmdty:space>ISO4217</cmdty:space>
        <cmdty:id>INR</cmdty:id>
      </trn:currency>
      <trn:date-posted>
        <ts:date>2017-10-19 08:45:07 +0530</ts:date>
      </trn:date-posted>
      <trn:date-entered>
        <ts:date>2017-10-21 09:07:00 +0530</ts:date>
      </trn:date-entered>
      <trn:description>From nesithatha for her credit</trn:description>
      <trn:slots />
      <trn:splits>
        <trn:split>
          <split:id type="guid">472cdf3bf0564deea0a2695165563669</split:id>
          <split:reconciled-state>n</split:reconciled-state>
          <split:value>200000/100</split:value>
          <split:quantity>200000/100</split:quantity>
          <split:account type="guid">553b5d2e14b58aefb11f703f9ab90513</split:account>
        </trn:split>
        <trn:split>
          <split:id type="guid">cc1839d572274a1da2aaa2195ab8b585</split:id>
          <split:reconciled-state>n</split:reconciled-state>
          <split:value>-200000/100</split:value>
          <split:quantity>-200000/100</split:quantity>
          <split:account type="guid">eb64d5115c1c4b689fd1851a82610e71</split:account>
        </trn:split>
      </trn:splits>
    </gnc:transaction>
    <gnc:transaction version="2.0.0">
      <trn:id type="guid">609ccebedcd3450d9c12c0eab9b48984</trn:id>
      <trn:currency>
        <cmdty:space>ISO4217</cmdty:space>
        <cmdty:id>INR</cmdty:id>
      </trn:currency>
      <trn:date-posted>
        <ts:date>2017-10-19 08:50:19 +0530</ts:date>
      </trn:date-posted>
      <trn:date-entered>
        <ts:date>2017-10-21 09:12:16 +0530</ts:date>
      </trn:date-entered>
      <trn:description>To father from nesithatha credit</trn:description>
      <trn:slots />
      <trn:splits>
        <trn:split>
          <split:id type="guid">b209a714236d4eeabbc554a1daae4431</split:id>
          <split:reconciled-state>n</split:reconciled-state>
          <split:value>150000/100</split:value>
          <split:quantity>150000/100</split:quantity>
          <split:account type="guid">d489633171660fde26526761854b20ba</split:account>
        </trn:split>
        <trn:split>
          <split:id type="guid">fec7501b69b048c081e6d7b723c695cc</split:id>
          <split:reconciled-state>n</split:reconciled-state>
          <split:value>-150000/100</split:value>
          <split:quantity>-150000/100</split:quantity>
          <split:account type="guid">553b5d2e14b58aefb11f703f9ab90513</split:account>
        </trn:split>
      </trn:splits>
    </gnc:transaction>
    <gnc:transaction version="2.0.0">
      <trn:id type="guid">5e230e69e7a8465988a28eb01831dcd1</trn:id>
      <trn:currency>
        <cmdty:space>ISO4217</cmdty:space>
        <cmdty:id>INR</cmdty:id>
      </trn:currency>
      <trn:date-posted>
        <ts:date>2017-10-19 09:09:22 +0530</ts:date>
      </trn:date-posted>
      <trn:date-entered>
        <ts:date>2017-10-21 09:09:56 +0530</ts:date>
      </trn:date-entered>
      <trn:description>Puthentheru - Tirur</trn:description>
      <trn:slots />
      <trn:splits>
        <trn:split>
          <split:id type="guid">631c91fb3be54562a997fca3dac8b7f7</split:id>
          <split:reconciled-state>n</split:reconciled-state>
          <split:value>-900/100</split:value>
          <split:quantity>-900/100</split:quantity>
          <split:account type="guid">553b5d2e14b58aefb11f703f9ab90513</split:account>
        </trn:split>
        <trn:split>
          <split:id type="guid">d3fa48b803e2496aae88fb4d901b4b2c</split:id>
          <split:reconciled-state>n</split:reconciled-state>
          <split:value>900/100</split:value>
          <split:quantity>900/100</split:quantity>
          <split:account type="guid">c51d0b91403a4baba25a8a99b576574a</split:account>
        </trn:split>
      </trn:splits>
    </gnc:transaction>
    <gnc:transaction version="2.0.0">
      <trn:id type="guid">833128329dbd434bab89a43f27335b45</trn:id>
      <trn:currency>
        <cmdty:space>ISO4217</cmdty:space>
        <cmdty:id>INR</cmdty:id>
      </trn:currency>
      <trn:date-posted>
        <ts:date>2017-10-19 10:11:08 +0530</ts:date>
      </trn:date-posted>
      <trn:date-entered>
        <ts:date>2017-10-21 09:12:28 +0530</ts:date>
      </trn:date-entered>
      <trn:description>To PNB</trn:description>
      <trn:slots />
      <trn:splits>
        <trn:split>
          <split:id type="guid">b457aac1148b499097f52870797c6f79</split:id>
          <split:reconciled-state>n</split:reconciled-state>
          <split:value>-50000/100</split:value>
          <split:quantity>-50000/100</split:quantity>
          <split:account type="guid">553b5d2e14b58aefb11f703f9ab90513</split:account>
        </trn:split>
        <trn:split>
          <split:id type="guid">b8118357cf434a9aa622b8f0bc198aba</split:id>
          <split:reconciled-state>n</split:reconciled-state>
          <split:value>50000/100</split:value>
          <split:quantity>50000/100</split:quantity>
          <split:account type="guid">9e0f17a6e30bce6e697048ae58a35073</split:account>
        </trn:split>
      </trn:splits>
    </gnc:transaction>
    <gnc:transaction version="2.0.0">
      <trn:id type="guid">911aac847c6f46eea59dae3bb605e00c</trn:id>
      <trn:currency>
        <cmdty:space>ISO4217</cmdty:space>
        <cmdty:id>INR</cmdty:id>
      </trn:currency>
      <trn:date-posted>
        <ts:date>2017-10-19 10:15:37 +0530</ts:date>
      </trn:date-posted>
      <trn:date-entered>
        <ts:date>2017-10-21 09:12:47 +0530</ts:date>
      </trn:date-entered>
      <trn:description>Tirur - Prism</trn:description>
      <trn:slots />
      <trn:splits>
        <trn:split>
          <split:id type="guid">5d298529e3cc441482a7cf5100bc388d</split:id>
          <split:reconciled-state>n</split:reconciled-state>
          <split:value>-700/100</split:value>
          <split:quantity>-700/100</split:quantity>
          <split:account type="guid">553b5d2e14b58aefb11f703f9ab90513</split:account>
        </trn:split>
        <trn:split>
          <split:id type="guid">70e7abbd88e24a5a9595f7b51ef9c0cf</split:id>
          <split:reconciled-state>n</split:reconciled-state>
          <split:value>700/100</split:value>
          <split:quantity>700/100</split:quantity>
          <split:account type="guid">3bea634a24c6275cf8319463ffde8468</split:account>
        </trn:split>
      </trn:splits>
    </gnc:transaction>
    <gnc:transaction version="2.0.0">
      <trn:id type="guid">bd34a1da2bac4ce7adffbfc47dae38dc</trn:id>
      <trn:currency>
        <cmdty:space>ISO4217</cmdty:space>
        <cmdty:id>INR</cmdty:id>
      </trn:currency>
      <trn:date-posted>
        <ts:date>2017-10-19 12:12:56 +0530</ts:date>
      </trn:date-posted>
      <trn:date-entered>
        <ts:date>2017-10-21 09:13:58 +0530</ts:date>
      </trn:date-entered>
      <trn:description>From prism</trn:description>
      <trn:slots />
      <trn:splits>
        <trn:split>
          <split:id type="guid">3eb2e06e402d4d29982f1f0fed1207f4</split:id>
          <split:reconciled-state>n</split:reconciled-state>
          <split:value>3000/100</split:value>
          <split:quantity>3000/100</split:quantity>
          <split:account type="guid">553b5d2e14b58aefb11f703f9ab90513</split:account>
        </trn:split>
        <trn:split>
          <split:id type="guid">7785af9cc6494a8894977f6b7e5b6232</split:id>
          <split:reconciled-state>n</split:reconciled-state>
          <split:value>-3000/100</split:value>
          <split:quantity>-3000/100</split:quantity>
          <split:account type="guid">857096ab8ac93806b5f6a178d4456199</split:account>
        </trn:split>
      </trn:splits>
    </gnc:transaction>
    <gnc:transaction version="2.0.0">
      <trn:id type="guid">d8a6d0f087684396a694f7e189fa5aca</trn:id>
      <trn:currency>
        <cmdty:space>ISO4217</cmdty:space>
        <cmdty:id>INR</cmdty:id>
      </trn:currency>
      <trn:date-posted>
        <ts:date>2017-10-19 19:16:28 +0530</ts:date>
      </trn:date-posted>
      <trn:date-entered>
        <ts:date>2017-10-21 09:16:45 +0530</ts:date>
      </trn:date-entered>
      <trn:description>From PNB</trn:description>
      <trn:slots />
      <trn:splits>
        <trn:split>
          <split:id type="guid">476e744e509b4d5998269cb9b2baea09</split:id>
          <split:reconciled-state>n</split:reconciled-state>
          <split:value>-50000/100</split:value>
          <split:quantity>-50000/100</split:quantity>
          <split:account type="guid">9e0f17a6e30bce6e697048ae58a35073</split:account>
        </trn:split>
        <trn:split>
          <split:id type="guid">502d9d31ff454faf9482643a1c12a22d</split:id>
          <split:reconciled-state>n</split:reconciled-state>
          <split:value>50000/100</split:value>
          <split:quantity>50000/100</split:quantity>
          <split:account type="guid">553b5d2e14b58aefb11f703f9ab90513</split:account>
        </trn:split>
      </trn:splits>
    </gnc:transaction>
    <gnc:transaction version="2.0.0">
      <trn:id type="guid">ce0b9057055347e89c2680ceff21e1fb</trn:id>
      <trn:currency>
        <cmdty:space>ISO4217</cmdty:space>
        <cmdty:id>INR</cmdty:id>
      </trn:currency>
      <trn:date-posted>
        <ts:date>2017-10-19 20:00:01 +0530</ts:date>
      </trn:date-posted>
      <trn:date-entered>
        <ts:date>2017-10-21 09:14:53 +0530</ts:date>
      </trn:date-entered>
      <trn:description>Mahin petrol : to Puthiya Kadappuram</trn:description>
      <trn:slots />
      <trn:splits>
        <trn:split>
          <split:id type="guid">27a42cd7565b41fc942e87455977b3f7</split:id>
          <split:reconciled-state>n</split:reconciled-state>
          <split:value>7000/100</split:value>
          <split:quantity>7000/100</split:quantity>
          <split:account type="guid">be79ef9fd18cdc5457953404d8f8676b</split:account>
        </trn:split>
        <trn:split>
          <split:id type="guid">e1e227540e7c44a782df2c7b988740d1</split:id>
          <split:reconciled-state>n</split:reconciled-state>
          <split:value>-7000/100</split:value>
          <split:quantity>-7000/100</split:quantity>
          <split:account type="guid">553b5d2e14b58aefb11f703f9ab90513</split:account>
        </trn:split>
      </trn:splits>
    </gnc:transaction>
    <gnc:transaction version="2.0.0">
      <trn:id type="guid">e2aad80f5d81472fa9d6a1ba170eb61b</trn:id>
      <trn:currency>
        <cmdty:space>ISO4217</cmdty:space>
        <cmdty:id>INR</cmdty:id>
      </trn:currency>
      <trn:date-posted>
        <ts:date>2017-10-20 07:15:11 +0530</ts:date>
      </trn:date-posted>
      <trn:date-entered>
        <ts:date>2017-10-21 09:15:21 +0530</ts:date>
      </trn:date-entered>
      <trn:description>Soudam (Vattathani) - Vailathoor</trn:description>
      <trn:slots />
      <trn:splits>
        <trn:split>
          <split:id type="guid">3453fdbc022a417ebaed801c54cc22af</split:id>
          <split:reconciled-state>n</split:reconciled-state>
          <split:value>-700/100</split:value>
          <split:quantity>-700/100</split:quantity>
          <split:account type="guid">553b5d2e14b58aefb11f703f9ab90513</split:account>
        </trn:split>
        <trn:split>
          <split:id type="guid">bdc8feb0e2684a1c889300aa7b7e7411</split:id>
          <split:reconciled-state>n</split:reconciled-state>
          <split:value>700/100</split:value>
          <split:quantity>700/100</split:quantity>
          <split:account type="guid">c312117378cdfec8b727dcfb6dce302d</split:account>
        </trn:split>
      </trn:splits>
    </gnc:transaction>
    <gnc:transaction version="2.0.0">
      <trn:id type="guid">c7ae79779ae846ebad7c56dc98392250</trn:id>
      <trn:currency>
        <cmdty:space>ISO4217</cmdty:space>
        <cmdty:id>INR</cmdty:id>
      </trn:currency>
      <trn:date-posted>
        <ts:date>2017-10-20 08:00:26 +0530</ts:date>
      </trn:date-posted>
      <trn:date-entered>
        <ts:date>2017-10-21 09:15:41 +0530</ts:date>
      </trn:date-entered>
      <trn:description>Vailathoor - Valanchery</trn:description>
      <trn:slots />
      <trn:splits>
        <trn:split>
          <split:id type="guid">64c977f6bfa54921bf15ee184cd6614a</split:id>
          <split:reconciled-state>n</split:reconciled-state>
          <split:value>500/100</split:value>
          <split:quantity>500/100</split:quantity>
          <split:account type="guid">c312117378cdfec8b727dcfb6dce302d</split:account>
        </trn:split>
        <trn:split>
          <split:id type="guid">ddc4ac03dbc94b4a98daed7b50e680a2</split:id>
          <split:reconciled-state>n</split:reconciled-state>
          <split:value>-500/100</split:value>
          <split:quantity>-500/100</split:quantity>
          <split:account type="guid">553b5d2e14b58aefb11f703f9ab90513</split:account>
        </trn:split>
      </trn:splits>
    </gnc:transaction>
    <gnc:transaction version="2.0.0">
      <trn:id type="guid">9a89d709e03e422da3d4bc301d3fe2a5</trn:id>
      <trn:currency>
        <cmdty:space>ISO4217</cmdty:space>
        <cmdty:id>INR</cmdty:id>
      </trn:currency>
      <trn:date-posted>
        <ts:date>2017-10-20 09:00:47 +0530</ts:date>
      </trn:date-posted>
      <trn:date-entered>
        <ts:date>2017-10-21 09:16:02 +0530</ts:date>
      </trn:date-entered>
      <trn:description>Valanchery - Athipatta</trn:description>
      <trn:slots />
      <trn:splits>
        <trn:split>
          <split:id type="guid">65a2536334394262a42799a57a923ccf</split:id>
          <split:reconciled-state>n</split:reconciled-state>
          <split:value>200/100</split:value>
          <split:quantity>200/100</split:quantity>
          <split:account type="guid">c312117378cdfec8b727dcfb6dce302d</split:account>
        </trn:split>
        <trn:split>
          <split:id type="guid">b4431068f139457d938b482aacd422ca</split:id>
          <split:reconciled-state>n</split:reconciled-state>
          <split:value>-200/100</split:value>
          <split:quantity>-200/100</split:quantity>
          <split:account type="guid">553b5d2e14b58aefb11f703f9ab90513</split:account>
        </trn:split>
      </trn:splits>
    </gnc:transaction>
    <gnc:transaction version="2.0.0">
      <trn:id type="guid">c59ef1caa57f4f078eb1bede2de784b1</trn:id>
      <trn:currency>
        <cmdty:space>ISO4217</cmdty:space>
        <cmdty:id>INR</cmdty:id>
      </trn:currency>
      <trn:date-posted>
        <ts:date>2017-10-20 10:00:12 +0530</ts:date>
      </trn:date-posted>
      <trn:date-entered>
        <ts:date>2017-10-21 09:17:55 +0530</ts:date>
      </trn:date-entered>
      <trn:description>From aflah</trn:description>
      <trn:slots />
      <trn:splits>
        <trn:split>
          <split:id type="guid">200403e13cc34fd6b1550c21b46740ee</split:id>
          <split:reconciled-state>n</split:reconciled-state>
          <split:value>-170000/100</split:value>
          <split:quantity>-170000/100</split:quantity>
          <split:account type="guid">85418ce9b06bb61c68b6e93462c2d396</split:account>
        </trn:split>
        <trn:split>
          <split:id type="guid">f2f9d0af8692419b885ba0f757c6c275</split:id>
          <split:reconciled-state>n</split:reconciled-state>
          <split:value>170000/100</split:value>
          <split:quantity>170000/100</split:quantity>
          <split:account type="guid">553b5d2e14b58aefb11f703f9ab90513</split:account>
        </trn:split>
      </trn:splits>
    </gnc:transaction>
    <gnc:transaction version="2.0.0">
      <trn:id type="guid">1d035dbc8e5f4a93981e711580803183</trn:id>
      <trn:currency>
        <cmdty:space>ISO4217</cmdty:space>
        <cmdty:id>INR</cmdty:id>
      </trn:currency>
      <trn:date-posted>
        <ts:date>2017-10-20 14:18:24 +0530</ts:date>
      </trn:date-posted>
      <trn:date-entered>
        <ts:date>2017-10-21 09:18:50 +0530</ts:date>
      </trn:date-entered>
      <trn:description>From aflah ATM</trn:description>
      <trn:slots />
      <trn:splits>
        <trn:split>
          <split:id type="guid">087a1d80564a4c7d82aa4d19a88c253c</split:id>
          <split:reconciled-state>n</split:reconciled-state>
          <split:value>-400000/100</split:value>
          <split:quantity>-400000/100</split:quantity>
          <split:account type="guid">85418ce9b06bb61c68b6e93462c2d396</split:account>
        </trn:split>
        <trn:split>
          <split:id type="guid">ae99e8aee95444198241cc46404761c5</split:id>
          <split:reconciled-state>n</split:reconciled-state>
          <split:value>400000/100</split:value>
          <split:quantity>400000/100</split:quantity>
          <split:account type="guid">553b5d2e14b58aefb11f703f9ab90513</split:account>
        </trn:split>
      </trn:splits>
    </gnc:transaction>
    <gnc:transaction version="2.0.0">
      <trn:id type="guid">adf2cee56a8c4288be9b7295fdbcbb05</trn:id>
      <trn:currency>
        <cmdty:space>ISO4217</cmdty:space>
        <cmdty:id>INR</cmdty:id>
      </trn:currency>
      <trn:date-posted>
        <ts:date>2017-10-20 15:18:56 +0530</ts:date>
      </trn:date-posted>
      <trn:date-entered>
        <ts:date>2017-10-21 09:19:12 +0530</ts:date>
      </trn:date-entered>
      <trn:description>To PNB</trn:description>
      <trn:slots />
      <trn:splits>
        <trn:split>
          <split:id type="guid">1b20d3bb0e6f46cba2f13f44fad774ad</split:id>
          <split:reconciled-state>n</split:reconciled-state>
          <split:value>570000/100</split:value>
          <split:quantity>570000/100</split:quantity>
          <split:account type="guid">9e0f17a6e30bce6e697048ae58a35073</split:account>
        </trn:split>
        <trn:split>
          <split:id type="guid">c50a7d2847b546bdace7086a0610b132</split:id>
          <split:reconciled-state>n</split:reconciled-state>
          <split:value>-570000/100</split:value>
          <split:quantity>-570000/100</split:quantity>
          <split:account type="guid">553b5d2e14b58aefb11f703f9ab90513</split:account>
        </trn:split>
      </trn:splits>
    </gnc:transaction>
    <gnc:transaction version="2.0.0">
      <trn:id type="guid">753acbbcb1344f3e804f086cc933c6cd</trn:id>
      <trn:currency>
        <cmdty:space>ISO4217</cmdty:space>
        <cmdty:id>INR</cmdty:id>
      </trn:currency>
      <trn:date-posted>
        <ts:date>2017-10-20 15:20:16 +0530</ts:date>
      </trn:date-posted>
      <trn:date-entered>
        <ts:date>2017-10-21 09:33:44 +0530</ts:date>
      </trn:date-entered>
      <trn:description>Design project print</trn:description>
      <trn:slots />
      <trn:splits>
        <trn:split>
          <split:id type="guid">b24a743cd371452cb6e0d30d65a020e9</split:id>
          <split:reconciled-state>n</split:reconciled-state>
          <split:value>-4000/100</split:value>
          <split:quantity>-4000/100</split:quantity>
          <split:account type="guid">553b5d2e14b58aefb11f703f9ab90513</split:account>
        </trn:split>
        <trn:split>
          <split:id type="guid">f513802450fe41388f6b2c84a32dcb8d</split:id>
          <split:reconciled-state>n</split:reconciled-state>
          <split:value>4000/100</split:value>
          <split:quantity>4000/100</split:quantity>
          <split:account type="guid">7bf6eb5963214fdd88008c54ca46e96d</split:account>
        </trn:split>
      </trn:splits>
    </gnc:transaction>
    <gnc:transaction version="2.0.0">
      <trn:id type="guid">e46785f262ca494980384ba77da4e98e</trn:id>
      <trn:currency>
        <cmdty:space>ISO4217</cmdty:space>
        <cmdty:id>INR</cmdty:id>
      </trn:currency>
      <trn:date-posted>
        <ts:date>2017-10-20 15:33:49 +0530</ts:date>
      </trn:date-posted>
      <trn:date-entered>
        <ts:date>2017-10-21 09:33:58 +0530</ts:date>
      </trn:date-entered>
      <trn:description>Lunch</trn:description>
      <trn:slots />
      <trn:splits>
        <trn:split>
          <split:id type="guid">4cbd19f2a8454f8381febac2dddf60d0</split:id>
          <split:reconciled-state>n</split:reconciled-state>
          <split:value>-5000/100</split:value>
          <split:quantity>-5000/100</split:quantity>
          <split:account type="guid">553b5d2e14b58aefb11f703f9ab90513</split:account>
        </trn:split>
        <trn:split>
          <split:id type="guid">dc177980ee884b9c8883250180806f15</split:id>
          <split:reconciled-state>n</split:reconciled-state>
          <split:value>5000/100</split:value>
          <split:quantity>5000/100</split:quantity>
          <split:account type="guid">c5b0116d0c454e6ea081ae734bcc285c</split:account>
        </trn:split>
      </trn:splits>
    </gnc:transaction>
    <gnc:transaction version="2.0.0">
      <trn:id type="guid">e1311a7c3dc84cedb410a8d5f8bf51bf</trn:id>
      <trn:currency>
        <cmdty:space>ISO4217</cmdty:space>
        <cmdty:id>INR</cmdty:id>
      </trn:currency>
      <trn:date-posted>
        <ts:date>2017-10-20 16:23:17 +0530</ts:date>
      </trn:date-posted>
      <trn:date-entered>
        <ts:date>2017-10-21 09:23:54 +0530</ts:date>
      </trn:date-entered>
      <trn:description>To manaf</trn:description>
      <trn:slots />
      <trn:splits>
        <trn:split>
          <split:id type="guid">121d54c08f9a47c796e09ab5501f95fd</split:id>
          <split:reconciled-state>n</split:reconciled-state>
          <split:value>-150000/100</split:value>
          <split:quantity>-150000/100</split:quantity>
          <split:account type="guid">9e0f17a6e30bce6e697048ae58a35073</split:account>
        </trn:split>
        <trn:split>
          <split:id type="guid">f2462c7cd54048799609a0ad355c1c80</split:id>
          <split:reconciled-state>n</split:reconciled-state>
          <split:value>150000/100</split:value>
          <split:quantity>150000/100</split:quantity>
          <split:account type="guid">171645d83a934912be02f609e555d6a1</split:account>
        </trn:split>
      </trn:splits>
    </gnc:transaction>
    <gnc:transaction version="2.0.0">
      <trn:id type="guid">dd3571ba83204f4187b4d90e9bb25f95</trn:id>
      <trn:currency>
        <cmdty:space>ISO4217</cmdty:space>
        <cmdty:id>INR</cmdty:id>
      </trn:currency>
      <trn:date-posted>
        <ts:date>2017-10-20 17:00:56 +0530</ts:date>
      </trn:date-posted>
      <trn:date-entered>
        <ts:date>2017-10-21 09:25:01 +0530</ts:date>
      </trn:date-entered>
      <trn:description>To Nikhil for Aflah SMS</trn:description>
      <trn:slots />
      <trn:splits>
        <trn:split>
          <split:id type="guid">57896261f77a441e821fe3667ba5ff07</split:id>
          <split:reconciled-state>n</split:reconciled-state>
          <split:value>260000/100</split:value>
          <split:quantity>260000/100</split:quantity>
          <split:account type="guid">68df8f480ef980cda64a10298374fea5</split:account>
        </trn:split>
        <trn:split>
          <split:id type="guid">c14ce93ea6f842b58f0f4ca814a47249</split:id>
          <split:reconciled-state>n</split:reconciled-state>
          <split:value>-260000/100</split:value>
          <split:quantity>-260000/100</split:quantity>
          <split:account type="guid">9e0f17a6e30bce6e697048ae58a35073</split:account>
        </trn:split>
      </trn:splits>
    </gnc:transaction>
    <gnc:transaction version="2.0.0">
      <trn:id type="guid">14599e8ea5de4dba9dc22fa85ad65cd6</trn:id>
      <trn:currency>
        <cmdty:space>ISO4217</cmdty:space>
        <cmdty:id>INR</cmdty:id>
      </trn:currency>
      <trn:date-posted>
        <ts:date>2017-10-20 17:25:04 +0530</ts:date>
      </trn:date-posted>
      <trn:date-entered>
        <ts:date>2017-10-21 09:25:34 +0530</ts:date>
      </trn:date-entered>
      <trn:description>To aflah</trn:description>
      <trn:slots />
      <trn:splits>
        <trn:split>
          <split:id type="guid">12fa5ea2f871466eab3a3f7540e30060</split:id>
          <split:reconciled-state>n</split:reconciled-state>
          <split:value>140000/100</split:value>
          <split:quantity>140000/100</split:quantity>
          <split:account type="guid">85418ce9b06bb61c68b6e93462c2d396</split:account>
        </trn:split>
        <trn:split>
          <split:id type="guid">b0496013c70e41cfbc06b2aa6d5f6a87</split:id>
          <split:reconciled-state>n</split:reconciled-state>
          <split:value>-140000/100</split:value>
          <split:quantity>-140000/100</split:quantity>
          <split:account type="guid">9e0f17a6e30bce6e697048ae58a35073</split:account>
        </trn:split>
      </trn:splits>
    </gnc:transaction>
    <gnc:transaction version="2.0.0">
      <trn:id type="guid">56bf0c3ac432441c909954ef9a22a8e8</trn:id>
      <trn:currency>
        <cmdty:space>ISO4217</cmdty:space>
        <cmdty:id>INR</cmdty:id>
      </trn:currency>
      <trn:date-posted>
        <ts:date>2017-10-20 18:25:48 +0530</ts:date>
      </trn:date-posted>
      <trn:date-entered>
        <ts:date>2017-10-21 09:26:35 +0530</ts:date>
      </trn:date-entered>
      <trn:description>To vyshak petrol</trn:description>
      <trn:slots />
      <trn:splits>
        <trn:split>
          <split:id type="guid">78eca271ffca44c5bd068e7c8c12a8ab</split:id>
          <split:reconciled-state>n</split:reconciled-state>
          <split:value>-6000/100</split:value>
          <split:quantity>-6000/100</split:quantity>
          <split:account type="guid">553b5d2e14b58aefb11f703f9ab90513</split:account>
        </trn:split>
        <trn:split>
          <split:id type="guid">79e8c35933b14e828cbd074c25ebb763</split:id>
          <split:reconciled-state>n</split:reconciled-state>
          <split:value>6000/100</split:value>
          <split:quantity>6000/100</split:quantity>
          <split:account type="guid">be79ef9fd18cdc5457953404d8f8676b</split:account>
        </trn:split>
      </trn:splits>
    </gnc:transaction>
    <gnc:transaction version="2.0.0">
      <trn:id type="guid">c0d3eb63d67740bcbd02a2e473cbed33</trn:id>
      <trn:currency>
        <cmdty:space>ISO4217</cmdty:space>
        <cmdty:id>INR</cmdty:id>
      </trn:currency>
      <trn:date-posted>
        <ts:date>2017-10-20 19:26:38 +0530</ts:date>
      </trn:date-posted>
      <trn:date-entered>
        <ts:date>2017-10-21 09:27:05 +0530</ts:date>
      </trn:date-entered>
      <trn:description>To mufeed petrol</trn:description>
      <trn:slots />
      <trn:splits>
        <trn:split>
          <split:id type="guid">258f82ce12614b65ab92fdb7e968ab41</split:id>
          <split:reconciled-state>n</split:reconciled-state>
          <split:value>-10000/100</split:value>
          <split:quantity>-10000/100</split:quantity>
          <split:account type="guid">553b5d2e14b58aefb11f703f9ab90513</split:account>
        </trn:split>
        <trn:split>
          <split:id type="guid">7f2f55864e504fe68b2566323dba81e6</split:id>
          <split:reconciled-state>n</split:reconciled-state>
          <split:value>10000/100</split:value>
          <split:quantity>10000/100</split:quantity>
          <split:account type="guid">be79ef9fd18cdc5457953404d8f8676b</split:account>
        </trn:split>
      </trn:splits>
    </gnc:transaction>
    <gnc:transaction version="2.0.0">
      <trn:id type="guid">538d696fa543425ab0be80cbe31fa099</trn:id>
      <trn:currency>
        <cmdty:space>ISO4217</cmdty:space>
        <cmdty:id>INR</cmdty:id>
      </trn:currency>
      <trn:date-posted>
        <ts:date>2017-10-20 21:27:15 +0530</ts:date>
      </trn:date-posted>
      <trn:date-entered>
        <ts:date>2017-10-21 09:27:26 +0530</ts:date>
      </trn:date-entered>
      <trn:description>Tirur - Puthentheru</trn:description>
      <trn:slots />
      <trn:splits>
        <trn:split>
          <split:id type="guid">7cb761d7006d484a8fdd00395c00c9ed</split:id>
          <split:reconciled-state>n</split:reconciled-state>
          <split:value>1000/100</split:value>
          <split:quantity>1000/100</split:quantity>
          <split:account type="guid">c312117378cdfec8b727dcfb6dce302d</split:account>
        </trn:split>
        <trn:split>
          <split:id type="guid">941607ff16194b1e9e9c7f8ca6b3294f</split:id>
          <split:reconciled-state>n</split:reconciled-state>
          <split:value>-1000/100</split:value>
          <split:quantity>-1000/100</split:quantity>
          <split:account type="guid">553b5d2e14b58aefb11f703f9ab90513</split:account>
        </trn:split>
      </trn:splits>
    </gnc:transaction>
    <gnc:transaction version="2.0.0">
      <trn:id type="guid">447864bf167f4fb3b057ad231d309d4a</trn:id>
      <trn:currency>
        <cmdty:space>ISO4217</cmdty:space>
        <cmdty:id>INR</cmdty:id>
      </trn:currency>
      <trn:date-posted>
        <ts:date>2017-10-21 09:27:28 +0530</ts:date>
      </trn:date-posted>
      <trn:date-entered>
        <ts:date>2017-10-21 09:28:01 +0530</ts:date>
      </trn:date-entered>
      <trn:description>To ponnu for urulan kizhangu</trn:description>
      <trn:slots />
      <trn:splits>
        <trn:split>
          <split:id type="guid">0d3a350431b6412493f63b843f80dd05</split:id>
          <split:reconciled-state>n</split:reconciled-state>
          <split:value>-1000/100</split:value>
          <split:quantity>-1000/100</split:quantity>
          <split:account type="guid">553b5d2e14b58aefb11f703f9ab90513</split:account>
        </trn:split>
        <trn:split>
          <split:id type="guid">e60e6e08e0be4f52852d6002bd9cb2f9</split:id>
          <split:reconciled-state>n</split:reconciled-state>
          <split:value>1000/100</split:value>
          <split:quantity>1000/100</split:quantity>
          <split:account type="guid">d489633171660fde26526761854b20ba</split:account>
        </trn:split>
      </trn:splits>
    </gnc:transaction>
  </gnc:book>
</gnc-v2>